%YAML 1.1
%TAG !u! tag:unity3d.com,2011:
--- !u!1 &390809076339616677
GameObject:
  m_ObjectHideFlags: 0
  m_CorrespondingSourceObject: {fileID: 0}
  m_PrefabInstance: {fileID: 0}
  m_PrefabAsset: {fileID: 0}
  serializedVersion: 6
  m_Component:
  - component: {fileID: 2962747248762219852}
  - component: {fileID: 1135123286844912451}
  - component: {fileID: 5127281175512977461}
  m_Layer: 5
  m_Name: Text (TMP)
  m_TagString: Untagged
  m_Icon: {fileID: 0}
  m_NavMeshLayer: 0
  m_StaticEditorFlags: 0
  m_IsActive: 1
--- !u!224 &2962747248762219852
RectTransform:
  m_ObjectHideFlags: 0
  m_CorrespondingSourceObject: {fileID: 0}
  m_PrefabInstance: {fileID: 0}
  m_PrefabAsset: {fileID: 0}
  m_GameObject: {fileID: 390809076339616677}
  m_LocalRotation: {x: 0, y: 0, z: 0, w: 1}
  m_LocalPosition: {x: 0, y: 0, z: 0}
  m_LocalScale: {x: 1, y: 1, z: 1}
  m_Children: []
  m_Father: {fileID: 4222275070315625793}
  m_RootOrder: 0
  m_LocalEulerAnglesHint: {x: 0, y: 0, z: 0}
  m_AnchorMin: {x: 0, y: 0}
  m_AnchorMax: {x: 1, y: 1}
  m_AnchoredPosition: {x: 0, y: 0}
  m_SizeDelta: {x: 0, y: 0}
  m_Pivot: {x: 0.5, y: 0.5}
--- !u!222 &1135123286844912451
CanvasRenderer:
  m_ObjectHideFlags: 0
  m_CorrespondingSourceObject: {fileID: 0}
  m_PrefabInstance: {fileID: 0}
  m_PrefabAsset: {fileID: 0}
  m_GameObject: {fileID: 390809076339616677}
  m_CullTransparentMesh: 1
--- !u!114 &5127281175512977461
MonoBehaviour:
  m_ObjectHideFlags: 0
  m_CorrespondingSourceObject: {fileID: 0}
  m_PrefabInstance: {fileID: 0}
  m_PrefabAsset: {fileID: 0}
  m_GameObject: {fileID: 390809076339616677}
  m_Enabled: 1
  m_EditorHideFlags: 0
  m_Script: {fileID: 11500000, guid: f4688fdb7df04437aeb418b961361dc5, type: 3}
  m_Name: 
  m_EditorClassIdentifier: 
  m_Material: {fileID: 0}
  m_Color: {r: 1, g: 1, b: 1, a: 1}
  m_RaycastTarget: 1
  m_RaycastPadding: {x: 0, y: 0, z: 0, w: 0}
  m_Maskable: 1
  m_OnCullStateChanged:
    m_PersistentCalls:
      m_Calls: []
  m_text: 31
  m_isRightToLeft: 0
  m_fontAsset: {fileID: 11400000, guid: 8f586378b4e144a9851e7b34d9b748ee, type: 2}
  m_sharedMaterial: {fileID: 2180264, guid: 8f586378b4e144a9851e7b34d9b748ee, type: 2}
  m_fontSharedMaterials: []
  m_fontMaterial: {fileID: 0}
  m_fontMaterials: []
  m_fontColor32:
    serializedVersion: 2
    rgba: 4278190080
  m_fontColor: {r: 0, g: 0, b: 0, a: 1}
  m_enableVertexGradient: 0
  m_colorMode: 3
  m_fontColorGradient:
    topLeft: {r: 1, g: 1, b: 1, a: 1}
    topRight: {r: 1, g: 1, b: 1, a: 1}
    bottomLeft: {r: 1, g: 1, b: 1, a: 1}
    bottomRight: {r: 1, g: 1, b: 1, a: 1}
  m_fontColorGradientPreset: {fileID: 0}
  m_spriteAsset: {fileID: 0}
  m_tintAllSprites: 0
  m_StyleSheet: {fileID: 0}
  m_TextStyleHashCode: -1183493901
  m_overrideHtmlColors: 0
  m_faceColor:
    serializedVersion: 2
    rgba: 4294967295
  m_fontSize: 0.5
  m_fontSizeBase: 0.5
  m_fontWeight: 400
  m_enableAutoSizing: 0
  m_fontSizeMin: 18
  m_fontSizeMax: 72
  m_fontStyle: 0
  m_HorizontalAlignment: 2
  m_VerticalAlignment: 512
  m_textAlignment: 65535
  m_characterSpacing: 0
  m_wordSpacing: 0
  m_lineSpacing: 0
  m_lineSpacingMax: 0
  m_paragraphSpacing: 0
  m_charWidthMaxAdj: 0
  m_enableWordWrapping: 1
  m_wordWrappingRatios: 0.4
  m_overflowMode: 0
  m_linkedTextComponent: {fileID: 0}
  parentLinkedComponent: {fileID: 0}
  m_enableKerning: 1
  m_enableExtraPadding: 0
  checkPaddingRequired: 0
  m_isRichText: 1
  m_parseCtrlCharacters: 1
  m_isOrthographic: 1
  m_isCullingEnabled: 0
  m_horizontalMapping: 0
  m_verticalMapping: 0
  m_uvLineOffset: 0
  m_geometrySortingOrder: 0
  m_IsTextObjectScaleStatic: 0
  m_VertexBufferAutoSizeReduction: 0
  m_useMaxVisibleDescender: 1
  m_pageToDisplay: 1
  m_margin: {x: 0, y: 0, z: 0, w: 0}
  m_isUsingLegacyAnimationComponent: 0
  m_isVolumetricText: 0
  m_hasFontAssetChanged: 0
  m_baseMaterial: {fileID: 0}
  m_maskOffset: {x: 0, y: 0, z: 0, w: 0}
--- !u!1 &1995158359752203991
GameObject:
  m_ObjectHideFlags: 0
  m_CorrespondingSourceObject: {fileID: 0}
  m_PrefabInstance: {fileID: 0}
  m_PrefabAsset: {fileID: 0}
  serializedVersion: 6
  m_Component:
  - component: {fileID: 4222275070315625793}
  - component: {fileID: 6107895813789072968}
  - component: {fileID: 5719024252144823966}
  - component: {fileID: 8805450623056036800}
  m_Layer: 5
  m_Name: Canvas
  m_TagString: Untagged
  m_Icon: {fileID: 0}
  m_NavMeshLayer: 0
  m_StaticEditorFlags: 0
  m_IsActive: 1
--- !u!224 &4222275070315625793
RectTransform:
  m_ObjectHideFlags: 0
  m_CorrespondingSourceObject: {fileID: 0}
  m_PrefabInstance: {fileID: 0}
  m_PrefabAsset: {fileID: 0}
  m_GameObject: {fileID: 1995158359752203991}
  m_LocalRotation: {x: -0, y: -0, z: -0, w: 1}
  m_LocalPosition: {x: 0, y: 0, z: -1}
  m_LocalScale: {x: 1, y: 0.1, z: 1}
  m_Children:
  - {fileID: 2962747248762219852}
  m_Father: {fileID: 6404110114934187554}
  m_RootOrder: 0
  m_LocalEulerAnglesHint: {x: 0, y: 0, z: 0}
  m_AnchorMin: {x: 0, y: 0}
  m_AnchorMax: {x: 0, y: 0}
  m_AnchoredPosition: {x: 0.02, y: 0.451}
  m_SizeDelta: {x: 1, y: 1}
  m_Pivot: {x: 0.5, y: 0.5}
--- !u!223 &6107895813789072968
Canvas:
  m_ObjectHideFlags: 0
  m_CorrespondingSourceObject: {fileID: 0}
  m_PrefabInstance: {fileID: 0}
  m_PrefabAsset: {fileID: 0}
  m_GameObject: {fileID: 1995158359752203991}
  m_Enabled: 1
  serializedVersion: 3
  m_RenderMode: 2
  m_Camera: {fileID: 0}
  m_PlaneDistance: 100
  m_PixelPerfect: 0
  m_ReceivesEvents: 1
  m_OverrideSorting: 0
  m_OverridePixelPerfect: 0
  m_SortingBucketNormalizedSize: 0
  m_AdditionalShaderChannelsFlag: 25
  m_SortingLayerID: 0
  m_SortingOrder: 0
  m_TargetDisplay: 0
--- !u!114 &5719024252144823966
MonoBehaviour:
  m_ObjectHideFlags: 0
  m_CorrespondingSourceObject: {fileID: 0}
  m_PrefabInstance: {fileID: 0}
  m_PrefabAsset: {fileID: 0}
  m_GameObject: {fileID: 1995158359752203991}
  m_Enabled: 1
  m_EditorHideFlags: 0
  m_Script: {fileID: 11500000, guid: 0cd44c1031e13a943bb63640046fad76, type: 3}
  m_Name: 
  m_EditorClassIdentifier: 
  m_UiScaleMode: 0
  m_ReferencePixelsPerUnit: 100
  m_ScaleFactor: 1
  m_ReferenceResolution: {x: 800, y: 600}
  m_ScreenMatchMode: 0
  m_MatchWidthOrHeight: 0
  m_PhysicalUnit: 3
  m_FallbackScreenDPI: 96
  m_DefaultSpriteDPI: 96
  m_DynamicPixelsPerUnit: 1
  m_PresetInfoIsWorld: 1
--- !u!114 &8805450623056036800
MonoBehaviour:
  m_ObjectHideFlags: 0
  m_CorrespondingSourceObject: {fileID: 0}
  m_PrefabInstance: {fileID: 0}
  m_PrefabAsset: {fileID: 0}
  m_GameObject: {fileID: 1995158359752203991}
  m_Enabled: 1
  m_EditorHideFlags: 0
  m_Script: {fileID: 11500000, guid: dc42784cf147c0c48a680349fa168899, type: 3}
  m_Name: 
  m_EditorClassIdentifier: 
  m_IgnoreReversedGraphics: 1
  m_BlockingObjects: 0
  m_BlockingMask:
    serializedVersion: 2
    m_Bits: 4294967295
--- !u!1 &2122665011113750415
GameObject:
  m_ObjectHideFlags: 0
  m_CorrespondingSourceObject: {fileID: 0}
  m_PrefabInstance: {fileID: 0}
  m_PrefabAsset: {fileID: 0}
  serializedVersion: 6
  m_Component:
  - component: {fileID: 710374535788292308}
  - component: {fileID: 6026323434788338000}
  m_Layer: 0
  m_Name: Milepost(Clone)
  m_TagString: Untagged
  m_Icon: {fileID: 0}
  m_NavMeshLayer: 0
  m_StaticEditorFlags: 0
  m_IsActive: 1
--- !u!4 &710374535788292308
Transform:
  m_ObjectHideFlags: 0
  m_CorrespondingSourceObject: {fileID: 0}
  m_PrefabInstance: {fileID: 0}
  m_PrefabAsset: {fileID: 0}
  m_GameObject: {fileID: 2122665011113750415}
  m_LocalRotation: {x: 0, y: 0, z: 0, w: 1}
  m_LocalPosition: {x: 48289, y: 211.498, z: 0}
  m_LocalScale: {x: 100, y: 150, z: 1}
  m_Children:
  - {fileID: 8799873130694949591}
  m_Father: {fileID: 5264763403830598429}
  m_RootOrder: 0
  m_LocalEulerAnglesHint: {x: 0, y: 0, z: 0}
--- !u!212 &6026323434788338000
SpriteRenderer:
  m_ObjectHideFlags: 0
  m_CorrespondingSourceObject: {fileID: 0}
  m_PrefabInstance: {fileID: 0}
  m_PrefabAsset: {fileID: 0}
  m_GameObject: {fileID: 2122665011113750415}
  m_Enabled: 1
  m_CastShadows: 0
  m_ReceiveShadows: 0
  m_DynamicOccludee: 1
  m_MotionVectors: 1
  m_LightProbeUsage: 1
  m_ReflectionProbeUsage: 1
  m_RayTracingMode: 0
  m_RayTraceProcedural: 0
  m_RenderingLayerMask: 1
  m_RendererPriority: 0
  m_Materials:
  - {fileID: 10754, guid: 0000000000000000f000000000000000, type: 0}
  m_StaticBatchInfo:
    firstSubMesh: 0
    subMeshCount: 0
  m_StaticBatchRoot: {fileID: 0}
  m_ProbeAnchor: {fileID: 0}
  m_LightProbeVolumeOverride: {fileID: 0}
  m_ScaleInLightmap: 1
  m_ReceiveGI: 1
  m_PreserveUVs: 0
  m_IgnoreNormalsForChartDetection: 0
  m_ImportantGI: 0
  m_StitchLightmapSeams: 1
  m_SelectedEditorRenderState: 0
  m_MinimumChartSize: 4
  m_AutoUVMaxDistance: 0.5
  m_AutoUVMaxAngle: 89
  m_LightmapParameters: {fileID: 0}
  m_SortingLayerID: 0
  m_SortingLayer: 0
  m_SortingOrder: -2
  m_Sprite: {fileID: 7482667652216324306, guid: 48e93eef0688c4a259cb0eddcd8661f7,
    type: 3}
  m_Color: {r: 0.8627451, g: 0.8627451, b: 0.8627451, a: 1}
  m_FlipX: 0
  m_FlipY: 0
  m_DrawMode: 0
  m_Size: {x: 1, y: 1}
  m_AdaptiveModeThreshold: 0.5
  m_SpriteTileMode: 0
  m_WasSpriteAssigned: 1
  m_MaskInteraction: 0
  m_SpriteSortPoint: 0
--- !u!1 &2636876411000537864
GameObject:
  m_ObjectHideFlags: 0
  m_CorrespondingSourceObject: {fileID: 0}
  m_PrefabInstance: {fileID: 0}
  m_PrefabAsset: {fileID: 0}
  serializedVersion: 6
  m_Component:
  - component: {fileID: 9180466541403310773}
  - component: {fileID: 306551067507312145}
  - component: {fileID: 2297784466753592871}
  m_Layer: 5
  m_Name: Text (TMP)
  m_TagString: Untagged
  m_Icon: {fileID: 0}
  m_NavMeshLayer: 0
  m_StaticEditorFlags: 0
  m_IsActive: 1
--- !u!224 &9180466541403310773
RectTransform:
  m_ObjectHideFlags: 0
  m_CorrespondingSourceObject: {fileID: 0}
  m_PrefabInstance: {fileID: 0}
  m_PrefabAsset: {fileID: 0}
  m_GameObject: {fileID: 2636876411000537864}
  m_LocalRotation: {x: 0, y: 0, z: 0, w: 1}
  m_LocalPosition: {x: 0, y: 0, z: 0}
  m_LocalScale: {x: 1, y: 1, z: 1}
  m_Children: []
  m_Father: {fileID: 8799873130694949591}
  m_RootOrder: 0
  m_LocalEulerAnglesHint: {x: 0, y: 0, z: 0}
  m_AnchorMin: {x: 0, y: 0}
  m_AnchorMax: {x: 1, y: 1}
  m_AnchoredPosition: {x: 0, y: 0}
  m_SizeDelta: {x: 0, y: 0}
  m_Pivot: {x: 0.5, y: 0.5}
--- !u!222 &306551067507312145
CanvasRenderer:
  m_ObjectHideFlags: 0
  m_CorrespondingSourceObject: {fileID: 0}
  m_PrefabInstance: {fileID: 0}
  m_PrefabAsset: {fileID: 0}
  m_GameObject: {fileID: 2636876411000537864}
  m_CullTransparentMesh: 1
--- !u!114 &2297784466753592871
MonoBehaviour:
  m_ObjectHideFlags: 0
  m_CorrespondingSourceObject: {fileID: 0}
  m_PrefabInstance: {fileID: 0}
  m_PrefabAsset: {fileID: 0}
  m_GameObject: {fileID: 2636876411000537864}
  m_Enabled: 1
  m_EditorHideFlags: 0
  m_Script: {fileID: 11500000, guid: f4688fdb7df04437aeb418b961361dc5, type: 3}
  m_Name: 
  m_EditorClassIdentifier: 
  m_Material: {fileID: 0}
  m_Color: {r: 1, g: 1, b: 1, a: 1}
  m_RaycastTarget: 1
  m_RaycastPadding: {x: 0, y: 0, z: 0, w: 0}
  m_Maskable: 1
  m_OnCullStateChanged:
    m_PersistentCalls:
      m_Calls: []
  m_text: 30
  m_isRightToLeft: 0
  m_fontAsset: {fileID: 11400000, guid: 8f586378b4e144a9851e7b34d9b748ee, type: 2}
  m_sharedMaterial: {fileID: 2180264, guid: 8f586378b4e144a9851e7b34d9b748ee, type: 2}
  m_fontSharedMaterials: []
  m_fontMaterial: {fileID: 0}
  m_fontMaterials: []
  m_fontColor32:
    serializedVersion: 2
    rgba: 4278190080
  m_fontColor: {r: 0, g: 0, b: 0, a: 1}
  m_enableVertexGradient: 0
  m_colorMode: 3
  m_fontColorGradient:
    topLeft: {r: 1, g: 1, b: 1, a: 1}
    topRight: {r: 1, g: 1, b: 1, a: 1}
    bottomLeft: {r: 1, g: 1, b: 1, a: 1}
    bottomRight: {r: 1, g: 1, b: 1, a: 1}
  m_fontColorGradientPreset: {fileID: 0}
  m_spriteAsset: {fileID: 0}
  m_tintAllSprites: 0
  m_StyleSheet: {fileID: 0}
  m_TextStyleHashCode: -1183493901
  m_overrideHtmlColors: 0
  m_faceColor:
    serializedVersion: 2
    rgba: 4294967295
  m_fontSize: 0.5
  m_fontSizeBase: 0.5
  m_fontWeight: 400
  m_enableAutoSizing: 0
  m_fontSizeMin: 18
  m_fontSizeMax: 72
  m_fontStyle: 0
  m_HorizontalAlignment: 2
  m_VerticalAlignment: 512
  m_textAlignment: 65535
  m_characterSpacing: 0
  m_wordSpacing: 0
  m_lineSpacing: 0
  m_lineSpacingMax: 0
  m_paragraphSpacing: 0
  m_charWidthMaxAdj: 0
  m_enableWordWrapping: 1
  m_wordWrappingRatios: 0.4
  m_overflowMode: 0
  m_linkedTextComponent: {fileID: 0}
  parentLinkedComponent: {fileID: 0}
  m_enableKerning: 1
  m_enableExtraPadding: 0
  checkPaddingRequired: 0
  m_isRichText: 1
  m_parseCtrlCharacters: 1
  m_isOrthographic: 1
  m_isCullingEnabled: 0
  m_horizontalMapping: 0
  m_verticalMapping: 0
  m_uvLineOffset: 0
  m_geometrySortingOrder: 0
  m_IsTextObjectScaleStatic: 0
  m_VertexBufferAutoSizeReduction: 0
  m_useMaxVisibleDescender: 1
  m_pageToDisplay: 1
  m_margin: {x: 0, y: 0, z: 0, w: 0}
  m_isUsingLegacyAnimationComponent: 0
  m_isVolumetricText: 0
  m_hasFontAssetChanged: 0
  m_baseMaterial: {fileID: 0}
  m_maskOffset: {x: 0, y: 0, z: 0, w: 0}
--- !u!1 &4652871228920648385
GameObject:
  m_ObjectHideFlags: 0
  m_CorrespondingSourceObject: {fileID: 0}
  m_PrefabInstance: {fileID: 0}
  m_PrefabAsset: {fileID: 0}
  serializedVersion: 6
  m_Component:
  - component: {fileID: 7508957143400081335}
  - component: {fileID: 1131505466310739031}
  m_Layer: 0
  m_Name: Milepost(Clone)
  m_TagString: Untagged
  m_Icon: {fileID: 0}
  m_NavMeshLayer: 0
  m_StaticEditorFlags: 0
  m_IsActive: 1
--- !u!4 &7508957143400081335
Transform:
  m_ObjectHideFlags: 0
  m_CorrespondingSourceObject: {fileID: 0}
  m_PrefabInstance: {fileID: 0}
  m_PrefabAsset: {fileID: 0}
  m_GameObject: {fileID: 4652871228920648385}
  m_LocalRotation: {x: 0, y: 0, z: 0, w: 1}
  m_LocalPosition: {x: 51522, y: 241.4683, z: 0}
  m_LocalScale: {x: 100, y: 150, z: 1}
  m_Children:
  - {fileID: 8886474016534169032}
  m_Father: {fileID: 5264763403830598429}
  m_RootOrder: 2
  m_LocalEulerAnglesHint: {x: 0, y: 0, z: 0}
--- !u!212 &1131505466310739031
SpriteRenderer:
  m_ObjectHideFlags: 0
  m_CorrespondingSourceObject: {fileID: 0}
  m_PrefabInstance: {fileID: 0}
  m_PrefabAsset: {fileID: 0}
  m_GameObject: {fileID: 4652871228920648385}
  m_Enabled: 1
  m_CastShadows: 0
  m_ReceiveShadows: 0
  m_DynamicOccludee: 1
  m_MotionVectors: 1
  m_LightProbeUsage: 1
  m_ReflectionProbeUsage: 1
  m_RayTracingMode: 0
  m_RayTraceProcedural: 0
  m_RenderingLayerMask: 1
  m_RendererPriority: 0
  m_Materials:
  - {fileID: 10754, guid: 0000000000000000f000000000000000, type: 0}
  m_StaticBatchInfo:
    firstSubMesh: 0
    subMeshCount: 0
  m_StaticBatchRoot: {fileID: 0}
  m_ProbeAnchor: {fileID: 0}
  m_LightProbeVolumeOverride: {fileID: 0}
  m_ScaleInLightmap: 1
  m_ReceiveGI: 1
  m_PreserveUVs: 0
  m_IgnoreNormalsForChartDetection: 0
  m_ImportantGI: 0
  m_StitchLightmapSeams: 1
  m_SelectedEditorRenderState: 0
  m_MinimumChartSize: 4
  m_AutoUVMaxDistance: 0.5
  m_AutoUVMaxAngle: 89
  m_LightmapParameters: {fileID: 0}
  m_SortingLayerID: 0
  m_SortingLayer: 0
  m_SortingOrder: -2
  m_Sprite: {fileID: 7482667652216324306, guid: 48e93eef0688c4a259cb0eddcd8661f7,
    type: 3}
  m_Color: {r: 0.8627451, g: 0.8627451, b: 0.8627451, a: 1}
  m_FlipX: 0
  m_FlipY: 0
  m_DrawMode: 0
  m_Size: {x: 1, y: 1}
  m_AdaptiveModeThreshold: 0.5
  m_SpriteTileMode: 0
  m_WasSpriteAssigned: 1
  m_MaskInteraction: 0
  m_SpriteSortPoint: 0
--- !u!1 &4993604392765742205
GameObject:
  m_ObjectHideFlags: 0
  m_CorrespondingSourceObject: {fileID: 0}
  m_PrefabInstance: {fileID: 0}
  m_PrefabAsset: {fileID: 0}
  serializedVersion: 6
  m_Component:
  - component: {fileID: 8886474016534169032}
  - component: {fileID: 3920584567400945248}
  - component: {fileID: 3474270106863679946}
  - component: {fileID: 5076249557921416299}
  m_Layer: 5
  m_Name: Canvas
  m_TagString: Untagged
  m_Icon: {fileID: 0}
  m_NavMeshLayer: 0
  m_StaticEditorFlags: 0
  m_IsActive: 1
--- !u!224 &8886474016534169032
RectTransform:
  m_ObjectHideFlags: 0
  m_CorrespondingSourceObject: {fileID: 0}
  m_PrefabInstance: {fileID: 0}
  m_PrefabAsset: {fileID: 0}
  m_GameObject: {fileID: 4993604392765742205}
  m_LocalRotation: {x: -0, y: -0, z: -0, w: 1}
  m_LocalPosition: {x: 0, y: 0, z: -1}
  m_LocalScale: {x: 1, y: 0.1, z: 1}
  m_Children:
  - {fileID: 8281433087021681966}
  m_Father: {fileID: 7508957143400081335}
  m_RootOrder: 0
  m_LocalEulerAnglesHint: {x: 0, y: 0, z: 0}
  m_AnchorMin: {x: 0, y: 0}
  m_AnchorMax: {x: 0, y: 0}
  m_AnchoredPosition: {x: 0.02, y: 0.451}
  m_SizeDelta: {x: 1, y: 1}
  m_Pivot: {x: 0.5, y: 0.5}
--- !u!223 &3920584567400945248
Canvas:
  m_ObjectHideFlags: 0
  m_CorrespondingSourceObject: {fileID: 0}
  m_PrefabInstance: {fileID: 0}
  m_PrefabAsset: {fileID: 0}
  m_GameObject: {fileID: 4993604392765742205}
  m_Enabled: 1
  serializedVersion: 3
  m_RenderMode: 2
  m_Camera: {fileID: 0}
  m_PlaneDistance: 100
  m_PixelPerfect: 0
  m_ReceivesEvents: 1
  m_OverrideSorting: 0
  m_OverridePixelPerfect: 0
  m_SortingBucketNormalizedSize: 0
  m_AdditionalShaderChannelsFlag: 25
  m_SortingLayerID: 0
  m_SortingOrder: 0
  m_TargetDisplay: 0
--- !u!114 &3474270106863679946
MonoBehaviour:
  m_ObjectHideFlags: 0
  m_CorrespondingSourceObject: {fileID: 0}
  m_PrefabInstance: {fileID: 0}
  m_PrefabAsset: {fileID: 0}
  m_GameObject: {fileID: 4993604392765742205}
  m_Enabled: 1
  m_EditorHideFlags: 0
  m_Script: {fileID: 11500000, guid: 0cd44c1031e13a943bb63640046fad76, type: 3}
  m_Name: 
  m_EditorClassIdentifier: 
  m_UiScaleMode: 0
  m_ReferencePixelsPerUnit: 100
  m_ScaleFactor: 1
  m_ReferenceResolution: {x: 800, y: 600}
  m_ScreenMatchMode: 0
  m_MatchWidthOrHeight: 0
  m_PhysicalUnit: 3
  m_FallbackScreenDPI: 96
  m_DefaultSpriteDPI: 96
  m_DynamicPixelsPerUnit: 1
  m_PresetInfoIsWorld: 1
--- !u!114 &5076249557921416299
MonoBehaviour:
  m_ObjectHideFlags: 0
  m_CorrespondingSourceObject: {fileID: 0}
  m_PrefabInstance: {fileID: 0}
  m_PrefabAsset: {fileID: 0}
  m_GameObject: {fileID: 4993604392765742205}
  m_Enabled: 1
  m_EditorHideFlags: 0
  m_Script: {fileID: 11500000, guid: dc42784cf147c0c48a680349fa168899, type: 3}
  m_Name: 
  m_EditorClassIdentifier: 
  m_IgnoreReversedGraphics: 1
  m_BlockingObjects: 0
  m_BlockingMask:
    serializedVersion: 2
    m_Bits: 4294967295
--- !u!1 &5264763403830598433
GameObject:
  m_ObjectHideFlags: 0
  m_CorrespondingSourceObject: {fileID: 0}
  m_PrefabInstance: {fileID: 0}
  m_PrefabAsset: {fileID: 0}
  serializedVersion: 6
  m_Component:
  - component: {fileID: 5264763403830598429}
  - component: {fileID: 5264763403830598430}
  - component: {fileID: 5264763403830598431}
  - component: {fileID: 657854220086653325}
  m_Layer: 8
  m_Name: Alhambra 31-32
  m_TagString: Untagged
  m_Icon: {fileID: 0}
  m_NavMeshLayer: 0
  m_StaticEditorFlags: 0
  m_IsActive: 1
--- !u!4 &5264763403830598429
Transform:
  m_ObjectHideFlags: 0
  m_CorrespondingSourceObject: {fileID: 0}
  m_PrefabInstance: {fileID: 0}
  m_PrefabAsset: {fileID: 0}
  m_GameObject: {fileID: 5264763403830598433}
  m_LocalRotation: {x: -0, y: -0, z: -0, w: 1}
  m_LocalPosition: {x: 0, y: 0, z: 0}
  m_LocalScale: {x: 1, y: 1, z: 1}
  m_Children:
  - {fileID: 710374535788292308}
  - {fileID: 6404110114934187554}
  - {fileID: 7508957143400081335}
  m_Father: {fileID: 0}
  m_RootOrder: 0
  m_LocalEulerAnglesHint: {x: 0, y: 0, z: 0}
--- !u!1971053207 &5264763403830598430
SpriteShapeRenderer:
  m_ObjectHideFlags: 0
  m_CorrespondingSourceObject: {fileID: 0}
  m_PrefabInstance: {fileID: 0}
  m_PrefabAsset: {fileID: 0}
  m_GameObject: {fileID: 5264763403830598433}
  m_Enabled: 1
  m_CastShadows: 1
  m_ReceiveShadows: 1
  m_DynamicOccludee: 0
  m_MotionVectors: 1
  m_LightProbeUsage: 1
  m_ReflectionProbeUsage: 1
  m_RayTracingMode: 0
  m_RayTraceProcedural: 0
  m_RenderingLayerMask: 1
  m_RendererPriority: 0
  m_Materials:
  - {fileID: 10754, guid: 0000000000000000f000000000000000, type: 0}
  - {fileID: 10754, guid: 0000000000000000f000000000000000, type: 0}
  m_StaticBatchInfo:
    firstSubMesh: 0
    subMeshCount: 0
  m_StaticBatchRoot: {fileID: 0}
  m_ProbeAnchor: {fileID: 0}
  m_LightProbeVolumeOverride: {fileID: 0}
  m_ScaleInLightmap: 1
  m_ReceiveGI: 1
  m_PreserveUVs: 0
  m_IgnoreNormalsForChartDetection: 0
  m_ImportantGI: 0
  m_StitchLightmapSeams: 1
  m_SelectedEditorRenderState: 0
  m_MinimumChartSize: 4
  m_AutoUVMaxDistance: 0.5
  m_AutoUVMaxAngle: 89
  m_LightmapParameters: {fileID: 0}
  m_SortingLayerID: 0
  m_SortingLayer: 0
  m_SortingOrder: 0
  m_Color: {r: 1, g: 1, b: 1, a: 1}
  m_MaskInteraction: 0
  m_ShapeTexture: {fileID: 2800000, guid: 2f4741cc1f960ec4d804347f80b76d26, type: 3}
  m_Sprites:
  - {fileID: 21300000, guid: d51dc24fb76e034449203ada02df7950, type: 3}
  - {fileID: 21300000, guid: 2f4741cc1f960ec4d804347f80b76d26, type: 3}
  - {fileID: 21300000, guid: d51dc24fb76e034449203ada02df7950, type: 3}
  - {fileID: 21300000, guid: d51dc24fb76e034449203ada02df7950, type: 3}
  m_LocalAABB:
    m_Center: {x: -14.86877, y: -0.20322561, z: 0}
    m_Extent: {x: 15.564305, y: 3.0931015, z: 0}
--- !u!114 &5264763403830598431
MonoBehaviour:
  m_ObjectHideFlags: 0
  m_CorrespondingSourceObject: {fileID: 0}
  m_PrefabInstance: {fileID: 0}
  m_PrefabAsset: {fileID: 0}
  m_GameObject: {fileID: 5264763403830598433}
  m_Enabled: 1
  m_EditorHideFlags: 0
  m_Script: {fileID: 11500000, guid: 90539df1cd5704abcb25fec9f3f5f84b, type: 3}
  m_Name: 
  m_EditorClassIdentifier: 
  m_Spline:
    m_IsOpenEnded: 0
    m_ControlPoints:
    - position: {x: 48289, y: 211.498, z: 0}
      leftTangent: {x: 0, y: 0, z: 0}
      rightTangent: {x: 0, y: 0, z: 0}
      mode: 0
      height: 1
      bevelCutoff: 0
      bevelSize: 0
      spriteIndex: 0
      corner: 1
      m_CornerMode: 1
    - position: {x: 48326, y: 212.0816, z: 0}
      leftTangent: {x: -1.319974, y: -1.0666823, z: -0}
      rightTangent: {x: 1.1353215, y: 0.9174631, z: 0}
      mode: 0
      height: 1
      bevelCutoff: 0
      bevelSize: 0
      spriteIndex: 0
      corner: 1
      m_CornerMode: 1
    - position: {x: 48363, y: 212.6233, z: 0}
      leftTangent: {x: -1.4072266, y: -0.38782263, z: 0}
      rightTangent: {x: 1.4943666, y: 0.41183782, z: 0}
      mode: 0
      height: 1
      bevelCutoff: 0
      bevelSize: 0
      spriteIndex: 0
      corner: 1
      m_CornerMode: 1
    - position: {x: 48400, y: 213.1106, z: 0}
      leftTangent: {x: -1.5490124, y: -0.05748558, z: 0}
      rightTangent: {x: 1.1742188, y: 0.0435766, z: 0}
      mode: 0
      height: 1
      bevelCutoff: 0
      bevelSize: 0
      spriteIndex: 0
      corner: 1
      m_CornerMode: 1
    - position: {x: 48436, y: 213.5578, z: 0}
      leftTangent: {x: 0, y: 0, z: 0}
      rightTangent: {x: 0, y: 0, z: 0}
      mode: 1
      height: 1
      bevelCutoff: 0
      bevelSize: 0
      spriteIndex: 0
      corner: 0
      m_CornerMode: 1
    - position: {x: 48473, y: 213.985, z: 0}
      leftTangent: {x: 0, y: 0, z: 0}
      rightTangent: {x: 0, y: 0, z: 0}
      mode: 1
      height: 1
      bevelCutoff: 0
      bevelSize: 0
      spriteIndex: 0
      corner: 0
      m_CornerMode: 1
    - position: {x: 48510, y: 214.385, z: 0}
      leftTangent: {x: 0, y: 0, z: 0}
      rightTangent: {x: 0, y: 0, z: 0}
      mode: 1
      height: 1
      bevelCutoff: 0
      bevelSize: 0
      spriteIndex: 0
      corner: 0
      m_CornerMode: 1
    - position: {x: 48547, y: 214.7611, z: 0}
      leftTangent: {x: 0, y: 0, z: 0}
      rightTangent: {x: 0, y: 0, z: 0}
      mode: 1
      height: 1
      bevelCutoff: 0
      bevelSize: 0
      spriteIndex: 0
      corner: 0
      m_CornerMode: 1
    - position: {x: 48583, y: 215.1142, z: 0}
      leftTangent: {x: 0, y: 0, z: 0}
      rightTangent: {x: 0, y: 0, z: 0}
      mode: 1
      height: 1
      bevelCutoff: 0
      bevelSize: 0
      spriteIndex: 0
      corner: 0
      m_CornerMode: 1
    - position: {x: 48620, y: 215.4519, z: 0}
      leftTangent: {x: 0, y: 0, z: 0}
      rightTangent: {x: 0, y: 0, z: 0}
      mode: 1
      height: 1
      bevelCutoff: 0
      bevelSize: 0
      spriteIndex: 0
      corner: 0
      m_CornerMode: 1
    - position: {x: 48657, y: 215.7636, z: 0}
      leftTangent: {x: 0, y: 0, z: 0}
      rightTangent: {x: 0, y: 0, z: 0}
      mode: 1
      height: 1
      bevelCutoff: 0
      bevelSize: 0
      spriteIndex: 0
      corner: 0
      m_CornerMode: 1
    - position: {x: 48693, y: 216.0585, z: 0}
      leftTangent: {x: 0, y: 0, z: 0}
      rightTangent: {x: 0, y: 0, z: 0}
      mode: 1
      height: 1
      bevelCutoff: 0
      bevelSize: 0
      spriteIndex: 0
      corner: 0
      m_CornerMode: 1
    - position: {x: 48730, y: 216.3465, z: 0}
      leftTangent: {x: 0, y: 0, z: 0}
      rightTangent: {x: 0, y: 0, z: 0}
      mode: 1
      height: 1
      bevelCutoff: 0
      bevelSize: 0
      spriteIndex: 0
      corner: 0
      m_CornerMode: 1
    - position: {x: 48767, y: 216.6579, z: 0}
      leftTangent: {x: 0, y: 0, z: 0}
      rightTangent: {x: 0, y: 0, z: 0}
      mode: 1
      height: 1
      bevelCutoff: 0
      bevelSize: 0
      spriteIndex: 0
      corner: 0
      m_CornerMode: 1
    - position: {x: 48804, y: 216.9413, z: 0}
      leftTangent: {x: 0, y: 0, z: 0}
      rightTangent: {x: 0, y: 0, z: 0}
      mode: 1
      height: 1
      bevelCutoff: 0
      bevelSize: 0
      spriteIndex: 0
      corner: 0
      m_CornerMode: 1
    - position: {x: 48840, y: 217.2357, z: 0}
      leftTangent: {x: 0, y: 0, z: 0}
      rightTangent: {x: 0, y: 0, z: 0}
      mode: 1
      height: 1
      bevelCutoff: 0
      bevelSize: 0
      spriteIndex: 0
      corner: 0
      m_CornerMode: 1
    - position: {x: 48877, y: 217.5517, z: 0}
      leftTangent: {x: 0, y: 0, z: 0}
      rightTangent: {x: 0, y: 0, z: 0}
      mode: 1
      height: 1
      bevelCutoff: 0
      bevelSize: 0
      spriteIndex: 0
      corner: 0
      m_CornerMode: 1
    - position: {x: 48914, y: 217.8806, z: 0}
      leftTangent: {x: 0, y: 0, z: 0}
      rightTangent: {x: 0, y: 0, z: 0}
      mode: 1
      height: 1
      bevelCutoff: 0
      bevelSize: 0
      spriteIndex: 0
      corner: 0
      m_CornerMode: 1
    - position: {x: 48951, y: 218.2141, z: 0}
      leftTangent: {x: 0, y: 0, z: 0}
      rightTangent: {x: 0, y: 0, z: 0}
      mode: 1
      height: 1
      bevelCutoff: 0
      bevelSize: 0
      spriteIndex: 0
      corner: 0
      m_CornerMode: 1
    - position: {x: 48987, y: 218.5542, z: 0}
      leftTangent: {x: 0, y: 0, z: 0}
      rightTangent: {x: 0, y: 0, z: 0}
      mode: 1
      height: 1
      bevelCutoff: 0
      bevelSize: 0
      spriteIndex: 0
      corner: 0
      m_CornerMode: 1
    - position: {x: 49024, y: 218.9522, z: 0}
      leftTangent: {x: 0, y: 0, z: 0}
      rightTangent: {x: 0, y: 0, z: 0}
      mode: 1
      height: 1
      bevelCutoff: 0
      bevelSize: 0
      spriteIndex: 0
      corner: 0
      m_CornerMode: 1
    - position: {x: 49061, y: 219.3208, z: 0}
      leftTangent: {x: 0, y: 0, z: 0}
      rightTangent: {x: 0, y: 0, z: 0}
      mode: 1
      height: 1
      bevelCutoff: 0
      bevelSize: 0
      spriteIndex: 0
      corner: 0
      m_CornerMode: 1
    - position: {x: 49098, y: 219.6878, z: 0}
      leftTangent: {x: 0, y: 0, z: 0}
      rightTangent: {x: 0, y: 0, z: 0}
      mode: 1
      height: 1
      bevelCutoff: 0
      bevelSize: 0
      spriteIndex: 0
      corner: 0
      m_CornerMode: 1
    - position: {x: 49134, y: 220.0527, z: 0}
      leftTangent: {x: 0, y: 0, z: 0}
      rightTangent: {x: 0, y: 0, z: 0}
      mode: 1
      height: 1
      bevelCutoff: 0
      bevelSize: 0
      spriteIndex: 0
      corner: 0
      m_CornerMode: 1
    - position: {x: 49171, y: 220.4081, z: 0}
      leftTangent: {x: 0, y: 0, z: 0}
      rightTangent: {x: 0, y: 0, z: 0}
      mode: 1
      height: 1
      bevelCutoff: 0
      bevelSize: 0
      spriteIndex: 0
      corner: 0
      m_CornerMode: 1
    - position: {x: 49208, y: 220.7259, z: 0}
      leftTangent: {x: 0, y: 0, z: 0}
      rightTangent: {x: 0, y: 0, z: 0}
      mode: 1
      height: 1
      bevelCutoff: 0
      bevelSize: 0
      spriteIndex: 0
      corner: 0
      m_CornerMode: 1
    - position: {x: 49245, y: 221.0076, z: 0}
      leftTangent: {x: 0, y: 0, z: 0}
      rightTangent: {x: 0, y: 0, z: 0}
      mode: 1
      height: 1
      bevelCutoff: 0
      bevelSize: 0
      spriteIndex: 0
      corner: 0
      m_CornerMode: 1
    - position: {x: 49281, y: 221.2308, z: 0}
      leftTangent: {x: 0, y: 0, z: 0}
      rightTangent: {x: 0, y: 0, z: 0}
      mode: 1
      height: 1
      bevelCutoff: 0
      bevelSize: 0
      spriteIndex: 0
      corner: 0
      m_CornerMode: 1
    - position: {x: 49318, y: 221.4428, z: 0}
      leftTangent: {x: 0, y: 0, z: 0}
      rightTangent: {x: 0, y: 0, z: 0}
      mode: 1
      height: 1
      bevelCutoff: 0
      bevelSize: 0
      spriteIndex: 0
      corner: 0
      m_CornerMode: 1
    - position: {x: 49355, y: 221.6104, z: 0}
      leftTangent: {x: 0, y: 0, z: 0}
      rightTangent: {x: 0, y: 0, z: 0}
      mode: 1
      height: 1
      bevelCutoff: 0
      bevelSize: 0
      spriteIndex: 0
      corner: 0
      m_CornerMode: 1
    - position: {x: 49391, y: 221.7703, z: 0}
      leftTangent: {x: 0, y: 0, z: 0}
      rightTangent: {x: 0, y: 0, z: 0}
      mode: 1
      height: 1
      bevelCutoff: 0
      bevelSize: 0
      spriteIndex: 0
      corner: 0
      m_CornerMode: 1
    - position: {x: 49428, y: 221.9344, z: 0}
      leftTangent: {x: 0, y: 0, z: 0}
      rightTangent: {x: 0, y: 0, z: 0}
      mode: 1
      height: 1
      bevelCutoff: 0
      bevelSize: 0
      spriteIndex: 0
      corner: 0
      m_CornerMode: 1
    - position: {x: 49465, y: 222.1048, z: 0}
      leftTangent: {x: 0, y: 0, z: 0}
      rightTangent: {x: 0, y: 0, z: 0}
      mode: 1
      height: 1
      bevelCutoff: 0
      bevelSize: 0
      spriteIndex: 0
      corner: 0
      m_CornerMode: 1
    - position: {x: 49502, y: 222.2771, z: 0}
      leftTangent: {x: 0, y: 0, z: 0}
      rightTangent: {x: 0, y: 0, z: 0}
      mode: 1
      height: 1
      bevelCutoff: 0
      bevelSize: 0
      spriteIndex: 0
      corner: 0
      m_CornerMode: 1
    - position: {x: 49538, y: 222.4586, z: 0}
      leftTangent: {x: 0, y: 0, z: 0}
      rightTangent: {x: 0, y: 0, z: 0}
      mode: 1
      height: 1
      bevelCutoff: 0
      bevelSize: 0
      spriteIndex: 0
      corner: 0
      m_CornerMode: 1
    - position: {x: 49575, y: 222.6794, z: 0}
      leftTangent: {x: 0, y: 0, z: 0}
      rightTangent: {x: 0, y: 0, z: 0}
      mode: 1
      height: 1
      bevelCutoff: 0
      bevelSize: 0
      spriteIndex: 0
      corner: 0
      m_CornerMode: 1
    - position: {x: 49612, y: 222.895, z: 0}
      leftTangent: {x: 0, y: 0, z: 0}
      rightTangent: {x: 0, y: 0, z: 0}
      mode: 1
      height: 1
      bevelCutoff: 0
      bevelSize: 0
      spriteIndex: 0
      corner: 0
      m_CornerMode: 1
    - position: {x: 49649, y: 223.128, z: 0}
      leftTangent: {x: 0, y: 0, z: 0}
      rightTangent: {x: 0, y: 0, z: 0}
      mode: 1
      height: 1
      bevelCutoff: 0
      bevelSize: 0
      spriteIndex: 0
      corner: 0
      m_CornerMode: 1
    - position: {x: 49685, y: 223.3824, z: 0}
      leftTangent: {x: 0, y: 0, z: 0}
      rightTangent: {x: 0, y: 0, z: 0}
      mode: 1
      height: 1
      bevelCutoff: 0
      bevelSize: 0
      spriteIndex: 0
      corner: 0
      m_CornerMode: 1
    - position: {x: 49722, y: 223.6461, z: 0}
      leftTangent: {x: 0, y: 0, z: 0}
      rightTangent: {x: 0, y: 0, z: 0}
      mode: 1
      height: 1
      bevelCutoff: 0
      bevelSize: 0
      spriteIndex: 0
      corner: 0
      m_CornerMode: 1
    - position: {x: 49759, y: 223.9116, z: 0}
      leftTangent: {x: 0, y: 0, z: 0}
      rightTangent: {x: 0, y: 0, z: 0}
      mode: 1
      height: 1
      bevelCutoff: 0
      bevelSize: 0
      spriteIndex: 0
      corner: 0
      m_CornerMode: 1
    - position: {x: 49796, y: 224.1846, z: 0}
      leftTangent: {x: 0, y: 0, z: 0}
      rightTangent: {x: 0, y: 0, z: 0}
      mode: 1
      height: 1
      bevelCutoff: 0
      bevelSize: 0
      spriteIndex: 0
      corner: 0
      m_CornerMode: 1
    - position: {x: 49832, y: 224.5026, z: 0}
      leftTangent: {x: 0, y: 0, z: 0}
      rightTangent: {x: 0, y: 0, z: 0}
      mode: 1
      height: 1
      bevelCutoff: 0
      bevelSize: 0
      spriteIndex: 0
      corner: 0
      m_CornerMode: 1
    - position: {x: 49869, y: 224.7999, z: 0}
      leftTangent: {x: 0, y: 0, z: 0}
      rightTangent: {x: 0, y: 0, z: 0}
      mode: 1
      height: 1
      bevelCutoff: 0
      bevelSize: 0
      spriteIndex: 0
      corner: 0
      m_CornerMode: 1
    - position: {x: 49906, y: 225.1096, z: 0}
      leftTangent: {x: 0, y: 0, z: 0}
      rightTangent: {x: 0, y: 0, z: 0}
      mode: 1
      height: 1
      bevelCutoff: 0
      bevelSize: 0
      spriteIndex: 0
      corner: 0
      m_CornerMode: 1
    - position: {x: 49943, y: 225.4356, z: 0}
      leftTangent: {x: 0, y: 0, z: 0}
      rightTangent: {x: 0, y: 0, z: 0}
      mode: 1
      height: 1
      bevelCutoff: 0
      bevelSize: 0
      spriteIndex: 0
      corner: 0
      m_CornerMode: 1
    - position: {x: 49979, y: 225.7701, z: 0}
      leftTangent: {x: 0, y: 0, z: 0}
      rightTangent: {x: 0, y: 0, z: 0}
      mode: 1
      height: 1
      bevelCutoff: 0
      bevelSize: 0
      spriteIndex: 0
      corner: 0
      m_CornerMode: 1
    - position: {x: 50016, y: 226.0982, z: 0}
      leftTangent: {x: 0, y: 0, z: 0}
      rightTangent: {x: 0, y: 0, z: 0}
      mode: 1
      height: 1
      bevelCutoff: 0
      bevelSize: 0
      spriteIndex: 0
      corner: 0
      m_CornerMode: 1
    - position: {x: 50053, y: 226.4168, z: 0}
      leftTangent: {x: 0, y: 0, z: 0}
      rightTangent: {x: 0, y: 0, z: 0}
      mode: 1
      height: 1
      bevelCutoff: 0
      bevelSize: 0
      spriteIndex: 0
      corner: 0
      m_CornerMode: 1
    - position: {x: 50089, y: 226.7327, z: 0}
      leftTangent: {x: 0, y: 0, z: 0}
      rightTangent: {x: 0, y: 0, z: 0}
      mode: 1
      height: 1
      bevelCutoff: 0
      bevelSize: 0
      spriteIndex: 0
      corner: 0
      m_CornerMode: 1
    - position: {x: 50126, y: 227.0869, z: 0}
      leftTangent: {x: 0, y: 0, z: 0}
      rightTangent: {x: 0, y: 0, z: 0}
      mode: 1
      height: 1
      bevelCutoff: 0
      bevelSize: 0
      spriteIndex: 0
      corner: 0
      m_CornerMode: 1
    - position: {x: 50163, y: 227.4117, z: 0}
      leftTangent: {x: 0, y: 0, z: 0}
      rightTangent: {x: 0, y: 0, z: 0}
      mode: 1
      height: 1
      bevelCutoff: 0
      bevelSize: 0
      spriteIndex: 0
      corner: 0
      m_CornerMode: 1
    - position: {x: 50200, y: 227.7482, z: 0}
      leftTangent: {x: 0, y: 0, z: 0}
      rightTangent: {x: 0, y: 0, z: 0}
      mode: 1
      height: 1
      bevelCutoff: 0
      bevelSize: 0
      spriteIndex: 0
      corner: 0
      m_CornerMode: 1
    - position: {x: 50236, y: 228.103, z: 0}
      leftTangent: {x: 0, y: 0, z: 0}
      rightTangent: {x: 0, y: 0, z: 0}
      mode: 1
      height: 1
      bevelCutoff: 0
      bevelSize: 0
      spriteIndex: 0
      corner: 0
      m_CornerMode: 1
    - position: {x: 50273, y: 228.4751, z: 0}
      leftTangent: {x: 0, y: 0, z: 0}
      rightTangent: {x: 0, y: 0, z: 0}
      mode: 1
      height: 1
      bevelCutoff: 0
      bevelSize: 0
      spriteIndex: 0
      corner: 0
      m_CornerMode: 1
    - position: {x: 50310, y: 228.8419, z: 0}
      leftTangent: {x: 0, y: 0, z: 0}
      rightTangent: {x: 0, y: 0, z: 0}
      mode: 1
      height: 1
      bevelCutoff: 0
      bevelSize: 0
      spriteIndex: 0
      corner: 0
      m_CornerMode: 1
    - position: {x: 50347, y: 229.1978, z: 0}
      leftTangent: {x: 0, y: 0, z: 0}
      rightTangent: {x: 0, y: 0, z: 0}
      mode: 1
      height: 1
      bevelCutoff: 0
      bevelSize: 0
      spriteIndex: 0
      corner: 0
      m_CornerMode: 1
    - position: {x: 50383, y: 229.5446, z: 0}
      leftTangent: {x: 0, y: 0, z: 0}
      rightTangent: {x: 0, y: 0, z: 0}
      mode: 1
      height: 1
      bevelCutoff: 0
      bevelSize: 0
      spriteIndex: 0
      corner: 0
      m_CornerMode: 1
    - position: {x: 50420, y: 229.9168, z: 0}
      leftTangent: {x: 0, y: 0, z: 0}
      rightTangent: {x: 0, y: 0, z: 0}
      mode: 1
      height: 1
      bevelCutoff: 0
      bevelSize: 0
      spriteIndex: 0
      corner: 0
      m_CornerMode: 1
    - position: {x: 50457, y: 230.2756, z: 0}
      leftTangent: {x: 0, y: 0, z: 0}
      rightTangent: {x: 0, y: 0, z: 0}
      mode: 1
      height: 1
      bevelCutoff: 0
      bevelSize: 0
      spriteIndex: 0
      corner: 0
      m_CornerMode: 1
    - position: {x: 50494, y: 230.6262, z: 0}
      leftTangent: {x: 0, y: 0, z: 0}
      rightTangent: {x: 0, y: 0, z: 0}
      mode: 1
      height: 1
      bevelCutoff: 0
      bevelSize: 0
      spriteIndex: 0
      corner: 0
      m_CornerMode: 1
    - position: {x: 50530, y: 230.9855, z: 0}
      leftTangent: {x: 0, y: 0, z: 0}
      rightTangent: {x: 0, y: 0, z: 0}
      mode: 1
      height: 1
      bevelCutoff: 0
      bevelSize: 0
      spriteIndex: 0
      corner: 0
      m_CornerMode: 1
    - position: {x: 50567, y: 231.359, z: 0}
      leftTangent: {x: 0, y: 0, z: 0}
      rightTangent: {x: 0, y: 0, z: 0}
      mode: 1
      height: 1
      bevelCutoff: 0
      bevelSize: 0
      spriteIndex: 0
      corner: 0
      m_CornerMode: 1
    - position: {x: 50604, y: 231.7495, z: 0}
      leftTangent: {x: 0, y: 0, z: 0}
      rightTangent: {x: 0, y: 0, z: 0}
      mode: 1
      height: 1
      bevelCutoff: 0
      bevelSize: 0
      spriteIndex: 0
      corner: 0
      m_CornerMode: 1
    - position: {x: 50641, y: 232.147, z: 0}
      leftTangent: {x: 0, y: 0, z: 0}
      rightTangent: {x: 0, y: 0, z: 0}
      mode: 1
      height: 1
      bevelCutoff: 0
      bevelSize: 0
      spriteIndex: 0
      corner: 0
      m_CornerMode: 1
    - position: {x: 50677, y: 232.5486, z: 0}
      leftTangent: {x: 0, y: 0, z: 0}
      rightTangent: {x: 0, y: 0, z: 0}
      mode: 1
      height: 1
      bevelCutoff: 0
      bevelSize: 0
      spriteIndex: 0
      corner: 0
      m_CornerMode: 1
    - position: {x: 50714, y: 232.9396, z: 0}
      leftTangent: {x: 0, y: 0, z: 0}
      rightTangent: {x: 0, y: 0, z: 0}
      mode: 1
      height: 1
      bevelCutoff: 0
      bevelSize: 0
      spriteIndex: 0
      corner: 0
      m_CornerMode: 1
    - position: {x: 50751, y: 233.3465, z: 0}
      leftTangent: {x: 0, y: 0, z: 0}
      rightTangent: {x: 0, y: 0, z: 0}
      mode: 1
      height: 1
      bevelCutoff: 0
      bevelSize: 0
      spriteIndex: 0
      corner: 0
      m_CornerMode: 1
    - position: {x: 50788, y: 233.7521, z: 0}
      leftTangent: {x: 0, y: 0, z: 0}
      rightTangent: {x: 0, y: 0, z: 0}
      mode: 1
      height: 1
      bevelCutoff: 0
      bevelSize: 0
      spriteIndex: 0
      corner: 0
      m_CornerMode: 1
    - position: {x: 50824, y: 234.1559, z: 0}
      leftTangent: {x: 0, y: 0, z: 0}
      rightTangent: {x: 0, y: 0, z: 0}
      mode: 1
      height: 1
      bevelCutoff: 0
      bevelSize: 0
      spriteIndex: 0
      corner: 0
      m_CornerMode: 1
    - position: {x: 50861, y: 234.5589, z: 0}
      leftTangent: {x: 0, y: 0, z: 0}
      rightTangent: {x: 0, y: 0, z: 0}
      mode: 1
      height: 1
      bevelCutoff: 0
      bevelSize: 0
      spriteIndex: 0
      corner: 0
      m_CornerMode: 1
    - position: {x: 50898, y: 234.9653, z: 0}
      leftTangent: {x: 0, y: 0, z: 0}
      rightTangent: {x: 0, y: 0, z: 0}
      mode: 1
      height: 1
      bevelCutoff: 0
      bevelSize: 0
      spriteIndex: 0
      corner: 0
      m_CornerMode: 1
    - position: {x: 50934, y: 235.376, z: 0}
      leftTangent: {x: 0, y: 0, z: 0}
      rightTangent: {x: 0, y: 0, z: 0}
      mode: 1
      height: 1
      bevelCutoff: 0
      bevelSize: 0
      spriteIndex: 0
      corner: 0
      m_CornerMode: 1
    - position: {x: 50971, y: 235.7871, z: 0}
      leftTangent: {x: 0, y: 0, z: 0}
      rightTangent: {x: 0, y: 0, z: 0}
      mode: 1
      height: 1
      bevelCutoff: 0
      bevelSize: 0
      spriteIndex: 0
      corner: 0
      m_CornerMode: 1
    - position: {x: 51008, y: 236.1938, z: 0}
      leftTangent: {x: 0, y: 0, z: 0}
      rightTangent: {x: 0, y: 0, z: 0}
      mode: 1
      height: 1
      bevelCutoff: 0
      bevelSize: 0
      spriteIndex: 0
      corner: 0
      m_CornerMode: 1
    - position: {x: 51045, y: 236.596, z: 0}
      leftTangent: {x: 0, y: 0, z: 0}
      rightTangent: {x: 0, y: 0, z: 0}
      mode: 1
      height: 1
      bevelCutoff: 0
      bevelSize: 0
      spriteIndex: 0
      corner: 0
      m_CornerMode: 1
    - position: {x: 51081, y: 236.9998, z: 0}
      leftTangent: {x: 0, y: 0, z: 0}
      rightTangent: {x: 0, y: 0, z: 0}
      mode: 1
      height: 1
      bevelCutoff: 0
      bevelSize: 0
      spriteIndex: 0
      corner: 0
      m_CornerMode: 1
    - position: {x: 51118, y: 237.4033, z: 0}
      leftTangent: {x: 0, y: 0, z: 0}
      rightTangent: {x: 0, y: 0, z: 0}
      mode: 1
      height: 1
      bevelCutoff: 0
      bevelSize: 0
      spriteIndex: 0
      corner: 0
      m_CornerMode: 1
    - position: {x: 51155, y: 237.8137, z: 0}
      leftTangent: {x: 0, y: 0, z: 0}
      rightTangent: {x: 0, y: 0, z: 0}
      mode: 1
      height: 1
      bevelCutoff: 0
      bevelSize: 0
      spriteIndex: 0
      corner: 0
      m_CornerMode: 1
    - position: {x: 51192, y: 238.1919, z: 0}
      leftTangent: {x: 0, y: 0, z: 0}
      rightTangent: {x: 0, y: 0, z: 0}
      mode: 1
      height: 1
      bevelCutoff: 0
      bevelSize: 0
      spriteIndex: 0
      corner: 0
      m_CornerMode: 1
    - position: {x: 51228, y: 238.5796, z: 0}
      leftTangent: {x: 0, y: 0, z: 0}
      rightTangent: {x: 0, y: 0, z: 0}
      mode: 1
      height: 1
      bevelCutoff: 0
      bevelSize: 0
      spriteIndex: 0
      corner: 0
      m_CornerMode: 1
    - position: {x: 51265, y: 238.9663, z: 0}
      leftTangent: {x: 0, y: 0, z: 0}
      rightTangent: {x: 0, y: 0, z: 0}
      mode: 1
      height: 1
      bevelCutoff: 0
      bevelSize: 0
      spriteIndex: 0
      corner: 0
      m_CornerMode: 1
    - position: {x: 51302, y: 239.345, z: 0}
      leftTangent: {x: 0, y: 0, z: 0}
      rightTangent: {x: 0, y: 0, z: 0}
      mode: 1
      height: 1
      bevelCutoff: 0
      bevelSize: 0
      spriteIndex: 0
      corner: 0
      m_CornerMode: 1
    - position: {x: 51339, y: 239.7046, z: 0}
      leftTangent: {x: 0, y: 0, z: 0}
      rightTangent: {x: 0, y: 0, z: 0}
      mode: 1
      height: 1
      bevelCutoff: 0
      bevelSize: 0
      spriteIndex: 0
      corner: 0
      m_CornerMode: 1
    - position: {x: 51375, y: 240.0482, z: 0}
      leftTangent: {x: 0, y: 0, z: 0}
      rightTangent: {x: 0, y: 0, z: 0}
      mode: 1
      height: 1
      bevelCutoff: 0
      bevelSize: 0
      spriteIndex: 0
      corner: 0
      m_CornerMode: 1
    - position: {x: 51412, y: 240.3871, z: 0}
      leftTangent: {x: 0, y: 0, z: 0}
      rightTangent: {x: 0, y: 0, z: 0}
      mode: 1
      height: 1
      bevelCutoff: 0
      bevelSize: 0
      spriteIndex: 0
      corner: 0
      m_CornerMode: 1
    - position: {x: 51449, y: 240.7642, z: 0}
      leftTangent: {x: 0, y: 0, z: 0}
      rightTangent: {x: 0, y: 0, z: 0}
      mode: 1
      height: 1
      bevelCutoff: 0
      bevelSize: 0
      spriteIndex: 0
      corner: 0
      m_CornerMode: 1
    - position: {x: 51486, y: 241.1093, z: 0}
      leftTangent: {x: 0, y: 0, z: 0}
      rightTangent: {x: 0, y: 0, z: 0}
      mode: 1
      height: 1
      bevelCutoff: 0
      bevelSize: 0
      spriteIndex: 0
      corner: 0
      m_CornerMode: 1
    - position: {x: 51522, y: 241.4683, z: 0}
      leftTangent: {x: 0, y: 0, z: 0}
      rightTangent: {x: 0, y: 0, z: 0}
      mode: 1
      height: 1
      bevelCutoff: 0
      bevelSize: 0
      spriteIndex: 0
      corner: 0
      m_CornerMode: 1
    - position: {x: 51522, y: -100, z: 0}
      leftTangent: {x: 0, y: 0, z: 0}
      rightTangent: {x: 0, y: 0, z: 0}
      mode: 0
      height: 1
      bevelCutoff: 0
      bevelSize: 0
      spriteIndex: 0
      corner: 0
      m_CornerMode: 1
    - position: {x: 48289, y: -100, z: 0}
      leftTangent: {x: 0, y: 0, z: 0}
      rightTangent: {x: 0, y: 0, z: 0}
      mode: 0
      height: 1
      bevelCutoff: 0
      bevelSize: 0
      spriteIndex: 0
      corner: 0
      m_CornerMode: 1
  m_SpriteShape: {fileID: 11400000, guid: 7de1fbfecf61c6d4bb09624319500dc1, type: 2}
  m_FillPixelPerUnit: 256
  m_StretchTiling: 1
  m_SplineDetail: 16
  m_AdaptiveUV: 1
  m_StretchUV: 0
  m_WorldSpaceUV: 0
  m_CornerAngleThreshold: 30
  m_ColliderDetail: 16
  m_ColliderOffset: 0.5
  m_UpdateCollider: 1
  m_OptimizeCollider: 1
  m_OptimizeGeometry: 1
  m_EnableTangents: 0
  m_GeometryCached: 0
  m_UTess2D: 0
--- !u!60 &657854220086653325
PolygonCollider2D:
  m_ObjectHideFlags: 0
  m_CorrespondingSourceObject: {fileID: 0}
  m_PrefabInstance: {fileID: 0}
  m_PrefabAsset: {fileID: 0}
  m_GameObject: {fileID: 5264763403830598433}
  m_Enabled: 1
  m_Density: 1
  m_Material: {fileID: 0}
  m_IsTrigger: 0
  m_UsedByEffector: 0
  m_UsedByComposite: 0
  m_Offset: {x: 0, y: 0}
  m_SpriteTilingProperty:
    border: {x: 0, y: 0, z: 0, w: 0}
    pivot: {x: 0, y: 0}
    oldSize: {x: 0, y: 0}
    newSize: {x: 0, y: 0}
    adaptiveTilingThreshold: 0
    drawMode: 0
    adaptiveTiling: 0
  m_AutoTiling: 0
  m_Points:
    m_Paths:
    - - {x: -30.351807, y: -1.2972721}
      - {x: -27.96381, y: -1.2181277}
      - {x: -26.263767, y: -1.1558754}
      - {x: -24.219141, y: -1.0750976}
      - {x: -22.175507, y: -0.9880003}
      - {x: -19.92722, y: -0.8833531}
      - {x: -17.579796, y: -0.7622962}
      - {x: -15.256119, y: -0.6274217}
      - {x: -13.036289, y: -0.47936636}
      - {x: -11.00135, y: -0.3189113}
      - {x: -9.234719, y: -0.14727616}
      - {x: -7.8275137, y: 0.03250271}
      - {x: -6.910173, y: 0.20367193}
      - {x: -6.6131573, y: 0.3065827}
      - {x: -6.3055444, y: 0.64725965}
      - {x: -5.677375, y: 1.5152311}
      - {x: -5.31933, y: 1.9304328}
      - {x: -5.093782, y: 2.1362157}
      - {x: -4.8333693, y: 2.329368}
      - {x: -4.5388417, y: 2.5016222}
      - {x: -4.212626, y: 2.647325}
      - {x: -3.8545246, y: 2.764716}
      - {x: -3.4698186, y: 2.850055}
      - {x: -3.0997686, y: 2.8898754}
      - {x: -2.7468643, y: 2.8849392}
      - {x: -2.418061, y: 2.8395908}
      - {x: -2.1209059, y: 2.7633119}
      - {x: -1.8595691, y: 2.6690428}
      - {x: -1.1171618, y: 2.3220763}
      - {x: -0.84123427, y: 2.2240095}
      - {x: -0.5326506, y: 2.1749496}
      - {x: 0.69553494, y: 1.2697637}
      - {x: -0.31327876, y: 0.15067482}
      - {x: -1.694998, y: -0.023950458}
      - {x: -3.7328863, y: -0.2670226}
      - {x: -7.80674, y: -0.7415979}
      - {x: -13.916201, y: -1.442714}
      - {x: -20.025822, y: -2.1383286}
      - {x: -29.811916, y: -3.2457433}
      - {x: -30.209068, y: -3.2905073}
      - {x: -30.351807, y: -1.2972721}
--- !u!1 &6033529218150684787
GameObject:
  m_ObjectHideFlags: 0
  m_CorrespondingSourceObject: {fileID: 0}
  m_PrefabInstance: {fileID: 0}
  m_PrefabAsset: {fileID: 0}
  serializedVersion: 6
  m_Component:
  - component: {fileID: 6404110114934187554}
  - component: {fileID: 2244577825036765300}
  m_Layer: 0
  m_Name: Milepost(Clone)
  m_TagString: Untagged
  m_Icon: {fileID: 0}
  m_NavMeshLayer: 0
  m_StaticEditorFlags: 0
  m_IsActive: 1
--- !u!4 &6404110114934187554
Transform:
  m_ObjectHideFlags: 0
  m_CorrespondingSourceObject: {fileID: 0}
  m_PrefabInstance: {fileID: 0}
  m_PrefabAsset: {fileID: 0}
  m_GameObject: {fileID: 6033529218150684787}
  m_LocalRotation: {x: 0, y: 0, z: 0, w: 1}
  m_LocalPosition: {x: 49906, y: 225.1096, z: 0}
  m_LocalScale: {x: 100, y: 150, z: 1}
  m_Children:
  - {fileID: 4222275070315625793}
  m_Father: {fileID: 5264763403830598429}
  m_RootOrder: 1
  m_LocalEulerAnglesHint: {x: 0, y: 0, z: 0}
--- !u!212 &2244577825036765300
SpriteRenderer:
  m_ObjectHideFlags: 0
  m_CorrespondingSourceObject: {fileID: 0}
  m_PrefabInstance: {fileID: 0}
  m_PrefabAsset: {fileID: 0}
  m_GameObject: {fileID: 6033529218150684787}
  m_Enabled: 1
  m_CastShadows: 0
  m_ReceiveShadows: 0
  m_DynamicOccludee: 1
  m_MotionVectors: 1
  m_LightProbeUsage: 1
  m_ReflectionProbeUsage: 1
  m_RayTracingMode: 0
  m_RayTraceProcedural: 0
  m_RenderingLayerMask: 1
  m_RendererPriority: 0
  m_Materials:
  - {fileID: 10754, guid: 0000000000000000f000000000000000, type: 0}
  m_StaticBatchInfo:
    firstSubMesh: 0
    subMeshCount: 0
  m_StaticBatchRoot: {fileID: 0}
  m_ProbeAnchor: {fileID: 0}
  m_LightProbeVolumeOverride: {fileID: 0}
  m_ScaleInLightmap: 1
  m_ReceiveGI: 1
  m_PreserveUVs: 0
  m_IgnoreNormalsForChartDetection: 0
  m_ImportantGI: 0
  m_StitchLightmapSeams: 1
  m_SelectedEditorRenderState: 0
  m_MinimumChartSize: 4
  m_AutoUVMaxDistance: 0.5
  m_AutoUVMaxAngle: 89
  m_LightmapParameters: {fileID: 0}
  m_SortingLayerID: 0
  m_SortingLayer: 0
  m_SortingOrder: -2
  m_Sprite: {fileID: 7482667652216324306, guid: 48e93eef0688c4a259cb0eddcd8661f7,
    type: 3}
  m_Color: {r: 0.8627451, g: 0.8627451, b: 0.8627451, a: 1}
  m_FlipX: 0
  m_FlipY: 0
  m_DrawMode: 0
  m_Size: {x: 1, y: 1}
  m_AdaptiveModeThreshold: 0.5
  m_SpriteTileMode: 0
  m_WasSpriteAssigned: 1
  m_MaskInteraction: 0
  m_SpriteSortPoint: 0
--- !u!1 &7146722572858210198
GameObject:
  m_ObjectHideFlags: 0
  m_CorrespondingSourceObject: {fileID: 0}
  m_PrefabInstance: {fileID: 0}
  m_PrefabAsset: {fileID: 0}
  serializedVersion: 6
  m_Component:
  - component: {fileID: 8281433087021681966}
  - component: {fileID: 1600452833633710088}
  - component: {fileID: 8830998888169607601}
  m_Layer: 5
  m_Name: Text (TMP)
  m_TagString: Untagged
  m_Icon: {fileID: 0}
  m_NavMeshLayer: 0
  m_StaticEditorFlags: 0
  m_IsActive: 1
--- !u!224 &8281433087021681966
RectTransform:
  m_ObjectHideFlags: 0
  m_CorrespondingSourceObject: {fileID: 0}
  m_PrefabInstance: {fileID: 0}
  m_PrefabAsset: {fileID: 0}
  m_GameObject: {fileID: 7146722572858210198}
  m_LocalRotation: {x: 0, y: 0, z: 0, w: 1}
  m_LocalPosition: {x: 0, y: 0, z: 0}
  m_LocalScale: {x: 1, y: 1, z: 1}
  m_Children: []
  m_Father: {fileID: 8886474016534169032}
  m_RootOrder: 0
  m_LocalEulerAnglesHint: {x: 0, y: 0, z: 0}
  m_AnchorMin: {x: 0, y: 0}
  m_AnchorMax: {x: 1, y: 1}
  m_AnchoredPosition: {x: 0, y: 0}
  m_SizeDelta: {x: 0, y: 0}
  m_Pivot: {x: 0.5, y: 0.5}
--- !u!222 &1600452833633710088
CanvasRenderer:
  m_ObjectHideFlags: 0
  m_CorrespondingSourceObject: {fileID: 0}
  m_PrefabInstance: {fileID: 0}
  m_PrefabAsset: {fileID: 0}
  m_GameObject: {fileID: 7146722572858210198}
  m_CullTransparentMesh: 1
--- !u!114 &8830998888169607601
MonoBehaviour:
  m_ObjectHideFlags: 0
  m_CorrespondingSourceObject: {fileID: 0}
  m_PrefabInstance: {fileID: 0}
  m_PrefabAsset: {fileID: 0}
  m_GameObject: {fileID: 7146722572858210198}
  m_Enabled: 1
  m_EditorHideFlags: 0
  m_Script: {fileID: 11500000, guid: f4688fdb7df04437aeb418b961361dc5, type: 3}
  m_Name: 
  m_EditorClassIdentifier: 
  m_Material: {fileID: 0}
  m_Color: {r: 1, g: 1, b: 1, a: 1}
  m_RaycastTarget: 1
  m_RaycastPadding: {x: 0, y: 0, z: 0, w: 0}
  m_Maskable: 1
  m_OnCullStateChanged:
    m_PersistentCalls:
      m_Calls: []
  m_text: 32
  m_isRightToLeft: 0
  m_fontAsset: {fileID: 11400000, guid: 8f586378b4e144a9851e7b34d9b748ee, type: 2}
  m_sharedMaterial: {fileID: 2180264, guid: 8f586378b4e144a9851e7b34d9b748ee, type: 2}
  m_fontSharedMaterials: []
  m_fontMaterial: {fileID: 0}
  m_fontMaterials: []
  m_fontColor32:
    serializedVersion: 2
    rgba: 4278190080
  m_fontColor: {r: 0, g: 0, b: 0, a: 1}
  m_enableVertexGradient: 0
  m_colorMode: 3
  m_fontColorGradient:
    topLeft: {r: 1, g: 1, b: 1, a: 1}
    topRight: {r: 1, g: 1, b: 1, a: 1}
    bottomLeft: {r: 1, g: 1, b: 1, a: 1}
    bottomRight: {r: 1, g: 1, b: 1, a: 1}
  m_fontColorGradientPreset: {fileID: 0}
  m_spriteAsset: {fileID: 0}
  m_tintAllSprites: 0
  m_StyleSheet: {fileID: 0}
  m_TextStyleHashCode: -1183493901
  m_overrideHtmlColors: 0
  m_faceColor:
    serializedVersion: 2
    rgba: 4294967295
  m_fontSize: 0.5
  m_fontSizeBase: 0.5
  m_fontWeight: 400
  m_enableAutoSizing: 0
  m_fontSizeMin: 18
  m_fontSizeMax: 72
  m_fontStyle: 0
  m_HorizontalAlignment: 2
  m_VerticalAlignment: 512
  m_textAlignment: 65535
  m_characterSpacing: 0
  m_wordSpacing: 0
  m_lineSpacing: 0
  m_lineSpacingMax: 0
  m_paragraphSpacing: 0
  m_charWidthMaxAdj: 0
  m_enableWordWrapping: 1
  m_wordWrappingRatios: 0.4
  m_overflowMode: 0
  m_linkedTextComponent: {fileID: 0}
  parentLinkedComponent: {fileID: 0}
  m_enableKerning: 1
  m_enableExtraPadding: 0
  checkPaddingRequired: 0
  m_isRichText: 1
  m_parseCtrlCharacters: 1
  m_isOrthographic: 1
  m_isCullingEnabled: 0
  m_horizontalMapping: 0
  m_verticalMapping: 0
  m_uvLineOffset: 0
  m_geometrySortingOrder: 0
  m_IsTextObjectScaleStatic: 0
  m_VertexBufferAutoSizeReduction: 0
  m_useMaxVisibleDescender: 1
  m_pageToDisplay: 1
  m_margin: {x: 0, y: 0, z: 0, w: 0}
  m_isUsingLegacyAnimationComponent: 0
  m_isVolumetricText: 0
  m_hasFontAssetChanged: 0
  m_baseMaterial: {fileID: 0}
  m_maskOffset: {x: 0, y: 0, z: 0, w: 0}
--- !u!1 &7469407397850287133
GameObject:
  m_ObjectHideFlags: 0
  m_CorrespondingSourceObject: {fileID: 0}
  m_PrefabInstance: {fileID: 0}
  m_PrefabAsset: {fileID: 0}
  serializedVersion: 6
  m_Component:
  - component: {fileID: 8799873130694949591}
  - component: {fileID: 3839962288665903499}
  - component: {fileID: 5125725473999774488}
  - component: {fileID: 3065538954608359468}
  m_Layer: 5
  m_Name: Canvas
  m_TagString: Untagged
  m_Icon: {fileID: 0}
  m_NavMeshLayer: 0
  m_StaticEditorFlags: 0
  m_IsActive: 1
--- !u!224 &8799873130694949591
RectTransform:
  m_ObjectHideFlags: 0
  m_CorrespondingSourceObject: {fileID: 0}
  m_PrefabInstance: {fileID: 0}
  m_PrefabAsset: {fileID: 0}
  m_GameObject: {fileID: 7469407397850287133}
  m_LocalRotation: {x: -0, y: -0, z: -0, w: 1}
  m_LocalPosition: {x: 0, y: 0, z: -1}
  m_LocalScale: {x: 1, y: 0.1, z: 1}
  m_Children:
  - {fileID: 9180466541403310773}
  m_Father: {fileID: 710374535788292308}
  m_RootOrder: 0
  m_LocalEulerAnglesHint: {x: 0, y: 0, z: 0}
  m_AnchorMin: {x: 0, y: 0}
  m_AnchorMax: {x: 0, y: 0}
  m_AnchoredPosition: {x: 0.02, y: 0.451}
  m_SizeDelta: {x: 1, y: 1}
  m_Pivot: {x: 0.5, y: 0.5}
--- !u!223 &3839962288665903499
Canvas:
  m_ObjectHideFlags: 0
  m_CorrespondingSourceObject: {fileID: 0}
  m_PrefabInstance: {fileID: 0}
  m_PrefabAsset: {fileID: 0}
  m_GameObject: {fileID: 7469407397850287133}
  m_Enabled: 1
  serializedVersion: 3
  m_RenderMode: 2
  m_Camera: {fileID: 0}
  m_PlaneDistance: 100
  m_PixelPerfect: 0
  m_ReceivesEvents: 1
  m_OverrideSorting: 0
  m_OverridePixelPerfect: 0
  m_SortingBucketNormalizedSize: 0
  m_AdditionalShaderChannelsFlag: 25
  m_SortingLayerID: 0
  m_SortingOrder: 0
  m_TargetDisplay: 0
--- !u!114 &5125725473999774488
MonoBehaviour:
  m_ObjectHideFlags: 0
  m_CorrespondingSourceObject: {fileID: 0}
  m_PrefabInstance: {fileID: 0}
  m_PrefabAsset: {fileID: 0}
  m_GameObject: {fileID: 7469407397850287133}
  m_Enabled: 1
  m_EditorHideFlags: 0
  m_Script: {fileID: 11500000, guid: 0cd44c1031e13a943bb63640046fad76, type: 3}
  m_Name: 
  m_EditorClassIdentifier: 
  m_UiScaleMode: 0
  m_ReferencePixelsPerUnit: 100
  m_ScaleFactor: 1
  m_ReferenceResolution: {x: 800, y: 600}
  m_ScreenMatchMode: 0
  m_MatchWidthOrHeight: 0
  m_PhysicalUnit: 3
  m_FallbackScreenDPI: 96
  m_DefaultSpriteDPI: 96
  m_DynamicPixelsPerUnit: 1
  m_PresetInfoIsWorld: 1
--- !u!114 &3065538954608359468
MonoBehaviour:
  m_ObjectHideFlags: 0
  m_CorrespondingSourceObject: {fileID: 0}
  m_PrefabInstance: {fileID: 0}
  m_PrefabAsset: {fileID: 0}
  m_GameObject: {fileID: 7469407397850287133}
  m_Enabled: 1
  m_EditorHideFlags: 0
  m_Script: {fileID: 11500000, guid: dc42784cf147c0c48a680349fa168899, type: 3}
  m_Name: 
  m_EditorClassIdentifier: 
  m_IgnoreReversedGraphics: 1
  m_BlockingObjects: 0
  m_BlockingMask:
    serializedVersion: 2
    m_Bits: 4294967295
