%YAML 1.1
%TAG !u! tag:unity3d.com,2011:
--- !u!1 &150113451144087484
GameObject:
  m_ObjectHideFlags: 0
  m_CorrespondingSourceObject: {fileID: 0}
  m_PrefabInstance: {fileID: 0}
  m_PrefabAsset: {fileID: 0}
  serializedVersion: 6
  m_Component:
  - component: {fileID: 447393029185309746}
  - component: {fileID: 6581354948212328901}
  m_Layer: 0
  m_Name: Milepost(Clone)
  m_TagString: Untagged
  m_Icon: {fileID: 0}
  m_NavMeshLayer: 0
  m_StaticEditorFlags: 0
  m_IsActive: 1
--- !u!4 &447393029185309746
Transform:
  m_ObjectHideFlags: 0
  m_CorrespondingSourceObject: {fileID: 0}
  m_PrefabInstance: {fileID: 0}
  m_PrefabAsset: {fileID: 0}
  m_GameObject: {fileID: 150113451144087484}
  m_LocalRotation: {x: 0, y: 0, z: 0, w: 1}
  m_LocalPosition: {x: 19340, y: 1059.4686, z: 0}
  m_LocalScale: {x: 100, y: 150, z: 1}
  m_Children:
  - {fileID: 10455986490785482}
  m_Father: {fileID: 6712919234043081766}
  m_RootOrder: 0
  m_LocalEulerAnglesHint: {x: 0, y: 0, z: 0}
--- !u!212 &6581354948212328901
SpriteRenderer:
  m_ObjectHideFlags: 0
  m_CorrespondingSourceObject: {fileID: 0}
  m_PrefabInstance: {fileID: 0}
  m_PrefabAsset: {fileID: 0}
  m_GameObject: {fileID: 150113451144087484}
  m_Enabled: 1
  m_CastShadows: 0
  m_ReceiveShadows: 0
  m_DynamicOccludee: 1
  m_MotionVectors: 1
  m_LightProbeUsage: 1
  m_ReflectionProbeUsage: 1
  m_RayTracingMode: 0
  m_RayTraceProcedural: 0
  m_RenderingLayerMask: 1
  m_RendererPriority: 0
  m_Materials:
  - {fileID: 10754, guid: 0000000000000000f000000000000000, type: 0}
  m_StaticBatchInfo:
    firstSubMesh: 0
    subMeshCount: 0
  m_StaticBatchRoot: {fileID: 0}
  m_ProbeAnchor: {fileID: 0}
  m_LightProbeVolumeOverride: {fileID: 0}
  m_ScaleInLightmap: 1
  m_ReceiveGI: 1
  m_PreserveUVs: 0
  m_IgnoreNormalsForChartDetection: 0
  m_ImportantGI: 0
  m_StitchLightmapSeams: 1
  m_SelectedEditorRenderState: 0
  m_MinimumChartSize: 4
  m_AutoUVMaxDistance: 0.5
  m_AutoUVMaxAngle: 89
  m_LightmapParameters: {fileID: 0}
  m_SortingLayerID: 0
  m_SortingLayer: 0
  m_SortingOrder: -2
  m_Sprite: {fileID: 7482667652216324306, guid: 48e93eef0688c4a259cb0eddcd8661f7,
    type: 3}
  m_Color: {r: 0.8627451, g: 0.8627451, b: 0.8627451, a: 1}
  m_FlipX: 0
  m_FlipY: 0
  m_DrawMode: 0
  m_Size: {x: 1, y: 1}
  m_AdaptiveModeThreshold: 0.5
  m_SpriteTileMode: 0
  m_WasSpriteAssigned: 1
  m_MaskInteraction: 0
  m_SpriteSortPoint: 0
--- !u!1 &1792379886902758186
GameObject:
  m_ObjectHideFlags: 0
  m_CorrespondingSourceObject: {fileID: 0}
  m_PrefabInstance: {fileID: 0}
  m_PrefabAsset: {fileID: 0}
  serializedVersion: 6
  m_Component:
  - component: {fileID: 2300675066179617126}
  - component: {fileID: 1803006944972322002}
  m_Layer: 0
  m_Name: Milepost(Clone)
  m_TagString: Untagged
  m_Icon: {fileID: 0}
  m_NavMeshLayer: 0
  m_StaticEditorFlags: 0
  m_IsActive: 1
--- !u!4 &2300675066179617126
Transform:
  m_ObjectHideFlags: 0
  m_CorrespondingSourceObject: {fileID: 0}
  m_PrefabInstance: {fileID: 0}
  m_PrefabAsset: {fileID: 0}
  m_GameObject: {fileID: 1792379886902758186}
  m_LocalRotation: {x: 0, y: 0, z: 0, w: 1}
  m_LocalPosition: {x: 20957, y: 1073.8632, z: 0}
  m_LocalScale: {x: 100, y: 150, z: 1}
  m_Children:
  - {fileID: 6498737992607108597}
  m_Father: {fileID: 6712919234043081766}
  m_RootOrder: 1
  m_LocalEulerAnglesHint: {x: 0, y: 0, z: 0}
--- !u!212 &1803006944972322002
SpriteRenderer:
  m_ObjectHideFlags: 0
  m_CorrespondingSourceObject: {fileID: 0}
  m_PrefabInstance: {fileID: 0}
  m_PrefabAsset: {fileID: 0}
  m_GameObject: {fileID: 1792379886902758186}
  m_Enabled: 1
  m_CastShadows: 0
  m_ReceiveShadows: 0
  m_DynamicOccludee: 1
  m_MotionVectors: 1
  m_LightProbeUsage: 1
  m_ReflectionProbeUsage: 1
  m_RayTracingMode: 0
  m_RayTraceProcedural: 0
  m_RenderingLayerMask: 1
  m_RendererPriority: 0
  m_Materials:
  - {fileID: 10754, guid: 0000000000000000f000000000000000, type: 0}
  m_StaticBatchInfo:
    firstSubMesh: 0
    subMeshCount: 0
  m_StaticBatchRoot: {fileID: 0}
  m_ProbeAnchor: {fileID: 0}
  m_LightProbeVolumeOverride: {fileID: 0}
  m_ScaleInLightmap: 1
  m_ReceiveGI: 1
  m_PreserveUVs: 0
  m_IgnoreNormalsForChartDetection: 0
  m_ImportantGI: 0
  m_StitchLightmapSeams: 1
  m_SelectedEditorRenderState: 0
  m_MinimumChartSize: 4
  m_AutoUVMaxDistance: 0.5
  m_AutoUVMaxAngle: 89
  m_LightmapParameters: {fileID: 0}
  m_SortingLayerID: 0
  m_SortingLayer: 0
  m_SortingOrder: -2
  m_Sprite: {fileID: 7482667652216324306, guid: 48e93eef0688c4a259cb0eddcd8661f7,
    type: 3}
  m_Color: {r: 0.8627451, g: 0.8627451, b: 0.8627451, a: 1}
  m_FlipX: 0
  m_FlipY: 0
  m_DrawMode: 0
  m_Size: {x: 1, y: 1}
  m_AdaptiveModeThreshold: 0.5
  m_SpriteTileMode: 0
  m_WasSpriteAssigned: 1
  m_MaskInteraction: 0
  m_SpriteSortPoint: 0
--- !u!1 &1819668692726529550
GameObject:
  m_ObjectHideFlags: 0
  m_CorrespondingSourceObject: {fileID: 0}
  m_PrefabInstance: {fileID: 0}
  m_PrefabAsset: {fileID: 0}
  serializedVersion: 6
  m_Component:
  - component: {fileID: 10455986490785482}
  - component: {fileID: 1101384442099439097}
  - component: {fileID: 4133172140537805478}
  - component: {fileID: 1797487761031200290}
  m_Layer: 5
  m_Name: Canvas
  m_TagString: Untagged
  m_Icon: {fileID: 0}
  m_NavMeshLayer: 0
  m_StaticEditorFlags: 0
  m_IsActive: 1
--- !u!224 &10455986490785482
RectTransform:
  m_ObjectHideFlags: 0
  m_CorrespondingSourceObject: {fileID: 0}
  m_PrefabInstance: {fileID: 0}
  m_PrefabAsset: {fileID: 0}
  m_GameObject: {fileID: 1819668692726529550}
  m_LocalRotation: {x: -0, y: -0, z: -0, w: 1}
  m_LocalPosition: {x: 0, y: 0, z: -1}
  m_LocalScale: {x: 1, y: 0.1, z: 1}
  m_Children:
  - {fileID: 2474552169976142608}
  m_Father: {fileID: 447393029185309746}
  m_RootOrder: 0
  m_LocalEulerAnglesHint: {x: 0, y: 0, z: 0}
  m_AnchorMin: {x: 0, y: 0}
  m_AnchorMax: {x: 0, y: 0}
  m_AnchoredPosition: {x: 0.02, y: 0.451}
  m_SizeDelta: {x: 1, y: 1}
  m_Pivot: {x: 0.5, y: 0.5}
--- !u!223 &1101384442099439097
Canvas:
  m_ObjectHideFlags: 0
  m_CorrespondingSourceObject: {fileID: 0}
  m_PrefabInstance: {fileID: 0}
  m_PrefabAsset: {fileID: 0}
  m_GameObject: {fileID: 1819668692726529550}
  m_Enabled: 1
  serializedVersion: 3
  m_RenderMode: 2
  m_Camera: {fileID: 0}
  m_PlaneDistance: 100
  m_PixelPerfect: 0
  m_ReceivesEvents: 1
  m_OverrideSorting: 0
  m_OverridePixelPerfect: 0
  m_SortingBucketNormalizedSize: 0
  m_AdditionalShaderChannelsFlag: 25
  m_SortingLayerID: 0
  m_SortingOrder: 0
  m_TargetDisplay: 0
--- !u!114 &4133172140537805478
MonoBehaviour:
  m_ObjectHideFlags: 0
  m_CorrespondingSourceObject: {fileID: 0}
  m_PrefabInstance: {fileID: 0}
  m_PrefabAsset: {fileID: 0}
  m_GameObject: {fileID: 1819668692726529550}
  m_Enabled: 1
  m_EditorHideFlags: 0
  m_Script: {fileID: 11500000, guid: 0cd44c1031e13a943bb63640046fad76, type: 3}
  m_Name: 
  m_EditorClassIdentifier: 
  m_UiScaleMode: 0
  m_ReferencePixelsPerUnit: 100
  m_ScaleFactor: 1
  m_ReferenceResolution: {x: 800, y: 600}
  m_ScreenMatchMode: 0
  m_MatchWidthOrHeight: 0
  m_PhysicalUnit: 3
  m_FallbackScreenDPI: 96
  m_DefaultSpriteDPI: 96
  m_DynamicPixelsPerUnit: 1
  m_PresetInfoIsWorld: 1
--- !u!114 &1797487761031200290
MonoBehaviour:
  m_ObjectHideFlags: 0
  m_CorrespondingSourceObject: {fileID: 0}
  m_PrefabInstance: {fileID: 0}
  m_PrefabAsset: {fileID: 0}
  m_GameObject: {fileID: 1819668692726529550}
  m_Enabled: 1
  m_EditorHideFlags: 0
  m_Script: {fileID: 11500000, guid: dc42784cf147c0c48a680349fa168899, type: 3}
  m_Name: 
  m_EditorClassIdentifier: 
  m_IgnoreReversedGraphics: 1
  m_BlockingObjects: 0
  m_BlockingMask:
    serializedVersion: 2
    m_Bits: 4294967295
--- !u!1 &4218831844014890504
GameObject:
  m_ObjectHideFlags: 0
  m_CorrespondingSourceObject: {fileID: 0}
  m_PrefabInstance: {fileID: 0}
  m_PrefabAsset: {fileID: 0}
  serializedVersion: 6
  m_Component:
  - component: {fileID: 2474552169976142608}
  - component: {fileID: 2676427302221685633}
  - component: {fileID: 7050995743299628405}
  m_Layer: 5
  m_Name: Text (TMP)
  m_TagString: Untagged
  m_Icon: {fileID: 0}
  m_NavMeshLayer: 0
  m_StaticEditorFlags: 0
  m_IsActive: 1
--- !u!224 &2474552169976142608
RectTransform:
  m_ObjectHideFlags: 0
  m_CorrespondingSourceObject: {fileID: 0}
  m_PrefabInstance: {fileID: 0}
  m_PrefabAsset: {fileID: 0}
  m_GameObject: {fileID: 4218831844014890504}
  m_LocalRotation: {x: 0, y: 0, z: 0, w: 1}
  m_LocalPosition: {x: 0, y: 0, z: 0}
  m_LocalScale: {x: 1, y: 1, z: 1}
  m_Children: []
  m_Father: {fileID: 10455986490785482}
  m_RootOrder: 0
  m_LocalEulerAnglesHint: {x: 0, y: 0, z: 0}
  m_AnchorMin: {x: 0, y: 0}
  m_AnchorMax: {x: 1, y: 1}
  m_AnchoredPosition: {x: 0, y: 0}
  m_SizeDelta: {x: 0, y: 0}
  m_Pivot: {x: 0.5, y: 0.5}
--- !u!222 &2676427302221685633
CanvasRenderer:
  m_ObjectHideFlags: 0
  m_CorrespondingSourceObject: {fileID: 0}
  m_PrefabInstance: {fileID: 0}
  m_PrefabAsset: {fileID: 0}
  m_GameObject: {fileID: 4218831844014890504}
  m_CullTransparentMesh: 1
--- !u!114 &7050995743299628405
MonoBehaviour:
  m_ObjectHideFlags: 0
  m_CorrespondingSourceObject: {fileID: 0}
  m_PrefabInstance: {fileID: 0}
  m_PrefabAsset: {fileID: 0}
  m_GameObject: {fileID: 4218831844014890504}
  m_Enabled: 1
  m_EditorHideFlags: 0
  m_Script: {fileID: 11500000, guid: f4688fdb7df04437aeb418b961361dc5, type: 3}
  m_Name: 
  m_EditorClassIdentifier: 
  m_Material: {fileID: 0}
  m_Color: {r: 1, g: 1, b: 1, a: 1}
  m_RaycastTarget: 1
  m_RaycastPadding: {x: 0, y: 0, z: 0, w: 0}
  m_Maskable: 1
  m_OnCullStateChanged:
    m_PersistentCalls:
      m_Calls: []
  m_text: 12
  m_isRightToLeft: 0
  m_fontAsset: {fileID: 11400000, guid: 8f586378b4e144a9851e7b34d9b748ee, type: 2}
  m_sharedMaterial: {fileID: 2180264, guid: 8f586378b4e144a9851e7b34d9b748ee, type: 2}
  m_fontSharedMaterials: []
  m_fontMaterial: {fileID: 0}
  m_fontMaterials: []
  m_fontColor32:
    serializedVersion: 2
    rgba: 4278190080
  m_fontColor: {r: 0, g: 0, b: 0, a: 1}
  m_enableVertexGradient: 0
  m_colorMode: 3
  m_fontColorGradient:
    topLeft: {r: 1, g: 1, b: 1, a: 1}
    topRight: {r: 1, g: 1, b: 1, a: 1}
    bottomLeft: {r: 1, g: 1, b: 1, a: 1}
    bottomRight: {r: 1, g: 1, b: 1, a: 1}
  m_fontColorGradientPreset: {fileID: 0}
  m_spriteAsset: {fileID: 0}
  m_tintAllSprites: 0
  m_StyleSheet: {fileID: 0}
  m_TextStyleHashCode: -1183493901
  m_overrideHtmlColors: 0
  m_faceColor:
    serializedVersion: 2
    rgba: 4294967295
  m_fontSize: 0.5
  m_fontSizeBase: 0.5
  m_fontWeight: 400
  m_enableAutoSizing: 0
  m_fontSizeMin: 18
  m_fontSizeMax: 72
  m_fontStyle: 0
  m_HorizontalAlignment: 2
  m_VerticalAlignment: 512
  m_textAlignment: 65535
  m_characterSpacing: 0
  m_wordSpacing: 0
  m_lineSpacing: 0
  m_lineSpacingMax: 0
  m_paragraphSpacing: 0
  m_charWidthMaxAdj: 0
  m_enableWordWrapping: 1
  m_wordWrappingRatios: 0.4
  m_overflowMode: 0
  m_linkedTextComponent: {fileID: 0}
  parentLinkedComponent: {fileID: 0}
  m_enableKerning: 1
  m_enableExtraPadding: 0
  checkPaddingRequired: 0
  m_isRichText: 1
  m_parseCtrlCharacters: 1
  m_isOrthographic: 1
  m_isCullingEnabled: 0
  m_horizontalMapping: 0
  m_verticalMapping: 0
  m_uvLineOffset: 0
  m_geometrySortingOrder: 0
  m_IsTextObjectScaleStatic: 0
  m_VertexBufferAutoSizeReduction: 0
  m_useMaxVisibleDescender: 1
  m_pageToDisplay: 1
  m_margin: {x: 0, y: 0, z: 0, w: 0}
  m_isUsingLegacyAnimationComponent: 0
  m_isVolumetricText: 0
  m_hasFontAssetChanged: 0
  m_baseMaterial: {fileID: 0}
  m_maskOffset: {x: 0, y: 0, z: 0, w: 0}
--- !u!1 &6712919234043081754
GameObject:
  m_ObjectHideFlags: 0
  m_CorrespondingSourceObject: {fileID: 0}
  m_PrefabInstance: {fileID: 0}
  m_PrefabAsset: {fileID: 0}
  serializedVersion: 6
  m_Component:
  - component: {fileID: 6712919234043081766}
  - component: {fileID: 6712919234043081765}
  - component: {fileID: 6712919234043081764}
  - component: {fileID: 2096439905403756214}
  m_Layer: 8
  m_Name: Lordsburg 13-14
  m_TagString: Untagged
  m_Icon: {fileID: 0}
  m_NavMeshLayer: 0
  m_StaticEditorFlags: 0
  m_IsActive: 1
--- !u!4 &6712919234043081766
Transform:
  m_ObjectHideFlags: 0
  m_CorrespondingSourceObject: {fileID: 0}
  m_PrefabInstance: {fileID: 0}
  m_PrefabAsset: {fileID: 0}
  m_GameObject: {fileID: 6712919234043081754}
  m_LocalRotation: {x: -0, y: -0, z: -0, w: 1}
  m_LocalPosition: {x: 0, y: 0, z: 0}
  m_LocalScale: {x: 1, y: 1, z: 1}
  m_Children:
  - {fileID: 447393029185309746}
  - {fileID: 2300675066179617126}
  m_Father: {fileID: 0}
  m_RootOrder: 0
  m_LocalEulerAnglesHint: {x: 0, y: 0, z: 0}
--- !u!1971053207 &6712919234043081765
SpriteShapeRenderer:
  m_ObjectHideFlags: 0
  m_CorrespondingSourceObject: {fileID: 0}
  m_PrefabInstance: {fileID: 0}
  m_PrefabAsset: {fileID: 0}
  m_GameObject: {fileID: 6712919234043081754}
  m_Enabled: 1
  m_CastShadows: 1
  m_ReceiveShadows: 1
  m_DynamicOccludee: 0
  m_MotionVectors: 1
  m_LightProbeUsage: 1
  m_ReflectionProbeUsage: 1
  m_RayTracingMode: 0
  m_RayTraceProcedural: 0
  m_RenderingLayerMask: 1
  m_RendererPriority: 0
  m_Materials:
  - {fileID: 10754, guid: 0000000000000000f000000000000000, type: 0}
  - {fileID: 10754, guid: 0000000000000000f000000000000000, type: 0}
  m_StaticBatchInfo:
    firstSubMesh: 0
    subMeshCount: 0
  m_StaticBatchRoot: {fileID: 0}
  m_ProbeAnchor: {fileID: 0}
  m_LightProbeVolumeOverride: {fileID: 0}
  m_ScaleInLightmap: 1
  m_ReceiveGI: 1
  m_PreserveUVs: 0
  m_IgnoreNormalsForChartDetection: 0
  m_ImportantGI: 0
  m_StitchLightmapSeams: 1
  m_SelectedEditorRenderState: 0
  m_MinimumChartSize: 4
  m_AutoUVMaxDistance: 0.5
  m_AutoUVMaxAngle: 89
  m_LightmapParameters: {fileID: 0}
  m_SortingLayerID: 0
  m_SortingLayer: 0
  m_SortingOrder: 0
  m_Color: {r: 1, g: 1, b: 1, a: 1}
  m_MaskInteraction: 0
  m_ShapeTexture: {fileID: 2800000, guid: 2f4741cc1f960ec4d804347f80b76d26, type: 3}
  m_Sprites:
  - {fileID: 21300000, guid: d51dc24fb76e034449203ada02df7950, type: 3}
  - {fileID: 21300000, guid: 2f4741cc1f960ec4d804347f80b76d26, type: 3}
  - {fileID: 21300000, guid: d51dc24fb76e034449203ada02df7950, type: 3}
  - {fileID: 21300000, guid: d51dc24fb76e034449203ada02df7950, type: 3}
  m_LocalAABB:
    m_Center: {x: -14.86877, y: -0.20322561, z: 0}
    m_Extent: {x: 15.564305, y: 3.0931015, z: 0}
--- !u!114 &6712919234043081764
MonoBehaviour:
  m_ObjectHideFlags: 0
  m_CorrespondingSourceObject: {fileID: 0}
  m_PrefabInstance: {fileID: 0}
  m_PrefabAsset: {fileID: 0}
  m_GameObject: {fileID: 6712919234043081754}
  m_Enabled: 1
  m_EditorHideFlags: 0
  m_Script: {fileID: 11500000, guid: 90539df1cd5704abcb25fec9f3f5f84b, type: 3}
  m_Name: 
  m_EditorClassIdentifier: 
  m_Spline:
    m_IsOpenEnded: 0
    m_ControlPoints:
    - position: {x: 19340, y: 1059.4686, z: 0}
      leftTangent: {x: 0, y: 0, z: 0}
      rightTangent: {x: 0, y: 0, z: 0}
      mode: 0
      height: 1
      bevelCutoff: 0
      bevelSize: 0
      spriteIndex: 0
      corner: 1
      m_CornerMode: 1
    - position: {x: 19376, y: 1059.7439, z: 0}
      leftTangent: {x: -1.319974, y: -1.0666823, z: -0}
      rightTangent: {x: 1.1353215, y: 0.9174631, z: 0}
      mode: 0
      height: 1
      bevelCutoff: 0
      bevelSize: 0
      spriteIndex: 0
      corner: 1
      m_CornerMode: 1
    - position: {x: 19412, y: 1060.0217, z: 0}
      leftTangent: {x: -1.4072266, y: -0.38782263, z: 0}
      rightTangent: {x: 1.4943666, y: 0.41183782, z: 0}
      mode: 0
      height: 1
      bevelCutoff: 0
      bevelSize: 0
      spriteIndex: 0
      corner: 1
      m_CornerMode: 1
    - position: {x: 19448, y: 1060.3008, z: 0}
      leftTangent: {x: -1.5490124, y: -0.05748558, z: 0}
      rightTangent: {x: 1.1742188, y: 0.0435766, z: 0}
      mode: 0
      height: 1
      bevelCutoff: 0
      bevelSize: 0
      spriteIndex: 0
      corner: 1
      m_CornerMode: 1
    - position: {x: 19484, y: 1060.5767, z: 0}
      leftTangent: {x: 0, y: 0, z: 0}
      rightTangent: {x: 0, y: 0, z: 0}
      mode: 1
      height: 1
      bevelCutoff: 0
      bevelSize: 0
      spriteIndex: 0
      corner: 0
      m_CornerMode: 1
    - position: {x: 19520, y: 1060.8467, z: 0}
      leftTangent: {x: 0, y: 0, z: 0}
      rightTangent: {x: 0, y: 0, z: 0}
      mode: 1
      height: 1
      bevelCutoff: 0
      bevelSize: 0
      spriteIndex: 0
      corner: 0
      m_CornerMode: 1
    - position: {x: 19556, y: 1061.1125, z: 0}
      leftTangent: {x: 0, y: 0, z: 0}
      rightTangent: {x: 0, y: 0, z: 0}
      mode: 1
      height: 1
      bevelCutoff: 0
      bevelSize: 0
      spriteIndex: 0
      corner: 0
      m_CornerMode: 1
    - position: {x: 19592, y: 1061.377, z: 0}
      leftTangent: {x: 0, y: 0, z: 0}
      rightTangent: {x: 0, y: 0, z: 0}
      mode: 1
      height: 1
      bevelCutoff: 0
      bevelSize: 0
      spriteIndex: 0
      corner: 0
      m_CornerMode: 1
    - position: {x: 19628, y: 1061.6385, z: 0}
      leftTangent: {x: 0, y: 0, z: 0}
      rightTangent: {x: 0, y: 0, z: 0}
      mode: 1
      height: 1
      bevelCutoff: 0
      bevelSize: 0
      spriteIndex: 0
      corner: 0
      m_CornerMode: 1
    - position: {x: 19664, y: 1061.898, z: 0}
      leftTangent: {x: 0, y: 0, z: 0}
      rightTangent: {x: 0, y: 0, z: 0}
      mode: 1
      height: 1
      bevelCutoff: 0
      bevelSize: 0
      spriteIndex: 0
      corner: 0
      m_CornerMode: 1
    - position: {x: 19700, y: 1062.1556, z: 0}
      leftTangent: {x: 0, y: 0, z: 0}
      rightTangent: {x: 0, y: 0, z: 0}
      mode: 1
      height: 1
      bevelCutoff: 0
      bevelSize: 0
      spriteIndex: 0
      corner: 0
      m_CornerMode: 1
    - position: {x: 19735, y: 1062.4102, z: 0}
      leftTangent: {x: 0, y: 0, z: 0}
      rightTangent: {x: 0, y: 0, z: 0}
      mode: 1
      height: 1
      bevelCutoff: 0
      bevelSize: 0
      spriteIndex: 0
      corner: 0
      m_CornerMode: 1
    - position: {x: 19771, y: 1062.6644, z: 0}
      leftTangent: {x: 0, y: 0, z: 0}
      rightTangent: {x: 0, y: 0, z: 0}
      mode: 1
      height: 1
      bevelCutoff: 0
      bevelSize: 0
      spriteIndex: 0
      corner: 0
      m_CornerMode: 1
    - position: {x: 19807, y: 1062.9211, z: 0}
      leftTangent: {x: 0, y: 0, z: 0}
      rightTangent: {x: 0, y: 0, z: 0}
      mode: 1
      height: 1
      bevelCutoff: 0
      bevelSize: 0
      spriteIndex: 0
      corner: 0
      m_CornerMode: 1
    - position: {x: 19843, y: 1063.1842, z: 0}
      leftTangent: {x: 0, y: 0, z: 0}
      rightTangent: {x: 0, y: 0, z: 0}
      mode: 1
      height: 1
      bevelCutoff: 0
      bevelSize: 0
      spriteIndex: 0
      corner: 0
      m_CornerMode: 1
    - position: {x: 19879, y: 1063.4594, z: 0}
      leftTangent: {x: 0, y: 0, z: 0}
      rightTangent: {x: 0, y: 0, z: 0}
      mode: 1
      height: 1
      bevelCutoff: 0
      bevelSize: 0
      spriteIndex: 0
      corner: 0
      m_CornerMode: 1
    - position: {x: 19915, y: 1063.7489, z: 0}
      leftTangent: {x: 0, y: 0, z: 0}
      rightTangent: {x: 0, y: 0, z: 0}
      mode: 1
      height: 1
      bevelCutoff: 0
      bevelSize: 0
      spriteIndex: 0
      corner: 0
      m_CornerMode: 1
    - position: {x: 19951, y: 1064.0513, z: 0}
      leftTangent: {x: 0, y: 0, z: 0}
      rightTangent: {x: 0, y: 0, z: 0}
      mode: 1
      height: 1
      bevelCutoff: 0
      bevelSize: 0
      spriteIndex: 0
      corner: 0
      m_CornerMode: 1
    - position: {x: 19987, y: 1064.3646, z: 0}
      leftTangent: {x: 0, y: 0, z: 0}
      rightTangent: {x: 0, y: 0, z: 0}
      mode: 1
      height: 1
      bevelCutoff: 0
      bevelSize: 0
      spriteIndex: 0
      corner: 0
      m_CornerMode: 1
    - position: {x: 20023, y: 1064.685, z: 0}
      leftTangent: {x: 0, y: 0, z: 0}
      rightTangent: {x: 0, y: 0, z: 0}
      mode: 1
      height: 1
      bevelCutoff: 0
      bevelSize: 0
      spriteIndex: 0
      corner: 0
      m_CornerMode: 1
    - position: {x: 20059, y: 1065.0105, z: 0}
      leftTangent: {x: 0, y: 0, z: 0}
      rightTangent: {x: 0, y: 0, z: 0}
      mode: 1
      height: 1
      bevelCutoff: 0
      bevelSize: 0
      spriteIndex: 0
      corner: 0
      m_CornerMode: 1
    - position: {x: 20095, y: 1065.3427, z: 0}
      leftTangent: {x: 0, y: 0, z: 0}
      rightTangent: {x: 0, y: 0, z: 0}
      mode: 1
      height: 1
      bevelCutoff: 0
      bevelSize: 0
      spriteIndex: 0
      corner: 0
      m_CornerMode: 1
    - position: {x: 20131, y: 1065.685, z: 0}
      leftTangent: {x: 0, y: 0, z: 0}
      rightTangent: {x: 0, y: 0, z: 0}
      mode: 1
      height: 1
      bevelCutoff: 0
      bevelSize: 0
      spriteIndex: 0
      corner: 0
      m_CornerMode: 1
    - position: {x: 20167, y: 1066.0372, z: 0}
      leftTangent: {x: 0, y: 0, z: 0}
      rightTangent: {x: 0, y: 0, z: 0}
      mode: 1
      height: 1
      bevelCutoff: 0
      bevelSize: 0
      spriteIndex: 0
      corner: 0
      m_CornerMode: 1
    - position: {x: 20203, y: 1066.3965, z: 0}
      leftTangent: {x: 0, y: 0, z: 0}
      rightTangent: {x: 0, y: 0, z: 0}
      mode: 1
      height: 1
      bevelCutoff: 0
      bevelSize: 0
      spriteIndex: 0
      corner: 0
      m_CornerMode: 1
    - position: {x: 20239, y: 1066.7625, z: 0}
      leftTangent: {x: 0, y: 0, z: 0}
      rightTangent: {x: 0, y: 0, z: 0}
      mode: 1
      height: 1
      bevelCutoff: 0
      bevelSize: 0
      spriteIndex: 0
      corner: 0
      m_CornerMode: 1
    - position: {x: 20275, y: 1067.1329, z: 0}
      leftTangent: {x: 0, y: 0, z: 0}
      rightTangent: {x: 0, y: 0, z: 0}
      mode: 1
      height: 1
      bevelCutoff: 0
      bevelSize: 0
      spriteIndex: 0
      corner: 0
      m_CornerMode: 1
    - position: {x: 20311, y: 1067.4984, z: 0}
      leftTangent: {x: 0, y: 0, z: 0}
      rightTangent: {x: 0, y: 0, z: 0}
      mode: 1
      height: 1
      bevelCutoff: 0
      bevelSize: 0
      spriteIndex: 0
      corner: 0
      m_CornerMode: 1
    - position: {x: 20346, y: 1067.8528, z: 0}
      leftTangent: {x: 0, y: 0, z: 0}
      rightTangent: {x: 0, y: 0, z: 0}
      mode: 1
      height: 1
      bevelCutoff: 0
      bevelSize: 0
      spriteIndex: 0
      corner: 0
      m_CornerMode: 1
    - position: {x: 20382, y: 1068.2021, z: 0}
      leftTangent: {x: 0, y: 0, z: 0}
      rightTangent: {x: 0, y: 0, z: 0}
      mode: 1
      height: 1
      bevelCutoff: 0
      bevelSize: 0
      spriteIndex: 0
      corner: 0
      m_CornerMode: 1
    - position: {x: 20418, y: 1068.5497, z: 0}
      leftTangent: {x: 0, y: 0, z: 0}
      rightTangent: {x: 0, y: 0, z: 0}
      mode: 1
      height: 1
      bevelCutoff: 0
      bevelSize: 0
      spriteIndex: 0
      corner: 0
      m_CornerMode: 1
    - position: {x: 20454, y: 1068.894, z: 0}
      leftTangent: {x: 0, y: 0, z: 0}
      rightTangent: {x: 0, y: 0, z: 0}
      mode: 1
      height: 1
      bevelCutoff: 0
      bevelSize: 0
      spriteIndex: 0
      corner: 0
      m_CornerMode: 1
    - position: {x: 20490, y: 1069.2339, z: 0}
      leftTangent: {x: 0, y: 0, z: 0}
      rightTangent: {x: 0, y: 0, z: 0}
      mode: 1
      height: 1
      bevelCutoff: 0
      bevelSize: 0
      spriteIndex: 0
      corner: 0
      m_CornerMode: 1
    - position: {x: 20526, y: 1069.5763, z: 0}
      leftTangent: {x: 0, y: 0, z: 0}
      rightTangent: {x: 0, y: 0, z: 0}
      mode: 1
      height: 1
      bevelCutoff: 0
      bevelSize: 0
      spriteIndex: 0
      corner: 0
      m_CornerMode: 1
    - position: {x: 20562, y: 1069.9236, z: 0}
      leftTangent: {x: 0, y: 0, z: 0}
      rightTangent: {x: 0, y: 0, z: 0}
      mode: 1
      height: 1
      bevelCutoff: 0
      bevelSize: 0
      spriteIndex: 0
      corner: 0
      m_CornerMode: 1
    - position: {x: 20598, y: 1070.2697, z: 0}
      leftTangent: {x: 0, y: 0, z: 0}
      rightTangent: {x: 0, y: 0, z: 0}
      mode: 1
      height: 1
      bevelCutoff: 0
      bevelSize: 0
      spriteIndex: 0
      corner: 0
      m_CornerMode: 1
    - position: {x: 20634, y: 1070.6172, z: 0}
      leftTangent: {x: 0, y: 0, z: 0}
      rightTangent: {x: 0, y: 0, z: 0}
      mode: 1
      height: 1
      bevelCutoff: 0
      bevelSize: 0
      spriteIndex: 0
      corner: 0
      m_CornerMode: 1
    - position: {x: 20670, y: 1070.9702, z: 0}
      leftTangent: {x: 0, y: 0, z: 0}
      rightTangent: {x: 0, y: 0, z: 0}
      mode: 1
      height: 1
      bevelCutoff: 0
      bevelSize: 0
      spriteIndex: 0
      corner: 0
      m_CornerMode: 1
    - position: {x: 20706, y: 1071.326, z: 0}
      leftTangent: {x: 0, y: 0, z: 0}
      rightTangent: {x: 0, y: 0, z: 0}
      mode: 1
      height: 1
      bevelCutoff: 0
      bevelSize: 0
      spriteIndex: 0
      corner: 0
      m_CornerMode: 1
    - position: {x: 20742, y: 1071.6836, z: 0}
      leftTangent: {x: 0, y: 0, z: 0}
      rightTangent: {x: 0, y: 0, z: 0}
      mode: 1
      height: 1
      bevelCutoff: 0
      bevelSize: 0
      spriteIndex: 0
      corner: 0
      m_CornerMode: 1
    - position: {x: 20778, y: 1072.045, z: 0}
      leftTangent: {x: 0, y: 0, z: 0}
      rightTangent: {x: 0, y: 0, z: 0}
      mode: 1
      height: 1
      bevelCutoff: 0
      bevelSize: 0
      spriteIndex: 0
      corner: 0
      m_CornerMode: 1
    - position: {x: 20814, y: 1072.4072, z: 0}
      leftTangent: {x: 0, y: 0, z: 0}
      rightTangent: {x: 0, y: 0, z: 0}
      mode: 1
      height: 1
      bevelCutoff: 0
      bevelSize: 0
      spriteIndex: 0
      corner: 0
      m_CornerMode: 1
    - position: {x: 20850, y: 1072.764, z: 0}
      leftTangent: {x: 0, y: 0, z: 0}
      rightTangent: {x: 0, y: 0, z: 0}
      mode: 1
      height: 1
      bevelCutoff: 0
      bevelSize: 0
      spriteIndex: 0
      corner: 0
      m_CornerMode: 1
    - position: {x: 20886, y: 1073.1237, z: 0}
      leftTangent: {x: 0, y: 0, z: 0}
      rightTangent: {x: 0, y: 0, z: 0}
      mode: 1
      height: 1
      bevelCutoff: 0
      bevelSize: 0
      spriteIndex: 0
      corner: 0
      m_CornerMode: 1
    - position: {x: 20922, y: 1073.4923, z: 0}
      leftTangent: {x: 0, y: 0, z: 0}
      rightTangent: {x: 0, y: 0, z: 0}
      mode: 1
      height: 1
      bevelCutoff: 0
      bevelSize: 0
      spriteIndex: 0
      corner: 0
      m_CornerMode: 1
    - position: {x: 20957, y: 1073.8632, z: 0}
      leftTangent: {x: 0, y: 0, z: 0}
      rightTangent: {x: 0, y: 0, z: 0}
      mode: 1
      height: 1
      bevelCutoff: 0
      bevelSize: 0
      spriteIndex: 0
      corner: 0
      m_CornerMode: 1
    - position: {x: 20993, y: 1074.2346, z: 0}
      leftTangent: {x: 0, y: 0, z: 0}
      rightTangent: {x: 0, y: 0, z: 0}
      mode: 1
      height: 1
      bevelCutoff: 0
      bevelSize: 0
      spriteIndex: 0
      corner: 0
      m_CornerMode: 1
    - position: {x: 21029, y: 1074.6084, z: 0}
      leftTangent: {x: 0, y: 0, z: 0}
      rightTangent: {x: 0, y: 0, z: 0}
      mode: 1
      height: 1
      bevelCutoff: 0
      bevelSize: 0
      spriteIndex: 0
      corner: 0
      m_CornerMode: 1
    - position: {x: 21065, y: 1074.9812, z: 0}
      leftTangent: {x: 0, y: 0, z: 0}
      rightTangent: {x: 0, y: 0, z: 0}
      mode: 1
      height: 1
      bevelCutoff: 0
      bevelSize: 0
      spriteIndex: 0
      corner: 0
      m_CornerMode: 1
    - position: {x: 21101, y: 1075.347, z: 0}
      leftTangent: {x: 0, y: 0, z: 0}
      rightTangent: {x: 0, y: 0, z: 0}
      mode: 1
      height: 1
      bevelCutoff: 0
      bevelSize: 0
      spriteIndex: 0
      corner: 0
      m_CornerMode: 1
    - position: {x: 21137, y: 1075.7069, z: 0}
      leftTangent: {x: 0, y: 0, z: 0}
      rightTangent: {x: 0, y: 0, z: 0}
      mode: 1
      height: 1
      bevelCutoff: 0
      bevelSize: 0
      spriteIndex: 0
      corner: 0
      m_CornerMode: 1
    - position: {x: 21173, y: 1076.0651, z: 0}
      leftTangent: {x: 0, y: 0, z: 0}
      rightTangent: {x: 0, y: 0, z: 0}
      mode: 1
      height: 1
      bevelCutoff: 0
      bevelSize: 0
      spriteIndex: 0
      corner: 0
      m_CornerMode: 1
    - position: {x: 21209, y: 1076.4152, z: 0}
      leftTangent: {x: 0, y: 0, z: 0}
      rightTangent: {x: 0, y: 0, z: 0}
      mode: 1
      height: 1
      bevelCutoff: 0
      bevelSize: 0
      spriteIndex: 0
      corner: 0
      m_CornerMode: 1
    - position: {x: 21245, y: 1076.7614, z: 0}
      leftTangent: {x: 0, y: 0, z: 0}
      rightTangent: {x: 0, y: 0, z: 0}
      mode: 1
      height: 1
      bevelCutoff: 0
      bevelSize: 0
      spriteIndex: 0
      corner: 0
      m_CornerMode: 1
    - position: {x: 21281, y: 1077.1108, z: 0}
      leftTangent: {x: 0, y: 0, z: 0}
      rightTangent: {x: 0, y: 0, z: 0}
      mode: 1
      height: 1
      bevelCutoff: 0
      bevelSize: 0
      spriteIndex: 0
      corner: 0
      m_CornerMode: 1
    - position: {x: 21317, y: 1077.4637, z: 0}
      leftTangent: {x: 0, y: 0, z: 0}
      rightTangent: {x: 0, y: 0, z: 0}
      mode: 1
      height: 1
      bevelCutoff: 0
      bevelSize: 0
      spriteIndex: 0
      corner: 0
      m_CornerMode: 1
    - position: {x: 21353, y: 1077.8209, z: 0}
      leftTangent: {x: 0, y: 0, z: 0}
      rightTangent: {x: 0, y: 0, z: 0}
      mode: 1
      height: 1
      bevelCutoff: 0
      bevelSize: 0
      spriteIndex: 0
      corner: 0
      m_CornerMode: 1
    - position: {x: 21389, y: 1078.1868, z: 0}
      leftTangent: {x: 0, y: 0, z: 0}
      rightTangent: {x: 0, y: 0, z: 0}
      mode: 1
      height: 1
      bevelCutoff: 0
      bevelSize: 0
      spriteIndex: 0
      corner: 0
      m_CornerMode: 1
    - position: {x: 21425, y: 1078.5626, z: 0}
      leftTangent: {x: 0, y: 0, z: 0}
      rightTangent: {x: 0, y: 0, z: 0}
      mode: 1
      height: 1
      bevelCutoff: 0
      bevelSize: 0
      spriteIndex: 0
      corner: 0
      m_CornerMode: 1
    - position: {x: 21461, y: 1078.9364, z: 0}
      leftTangent: {x: 0, y: 0, z: 0}
      rightTangent: {x: 0, y: 0, z: 0}
      mode: 1
      height: 1
      bevelCutoff: 0
      bevelSize: 0
      spriteIndex: 0
      corner: 0
      m_CornerMode: 1
    - position: {x: 21497, y: 1079.3009, z: 0}
      leftTangent: {x: 0, y: 0, z: 0}
      rightTangent: {x: 0, y: 0, z: 0}
      mode: 1
      height: 1
      bevelCutoff: 0
      bevelSize: 0
      spriteIndex: 0
      corner: 0
      m_CornerMode: 1
    - position: {x: 21533, y: 1079.66, z: 0}
      leftTangent: {x: 0, y: 0, z: 0}
      rightTangent: {x: 0, y: 0, z: 0}
      mode: 1
      height: 1
      bevelCutoff: 0
      bevelSize: 0
      spriteIndex: 0
      corner: 0
      m_CornerMode: 1
    - position: {x: 21568, y: 1080.0166, z: 0}
      leftTangent: {x: 0, y: 0, z: 0}
      rightTangent: {x: 0, y: 0, z: 0}
      mode: 1
      height: 1
      bevelCutoff: 0
      bevelSize: 0
      spriteIndex: 0
      corner: 0
      m_CornerMode: 1
    - position: {x: 21604, y: 1080.3721, z: 0}
      leftTangent: {x: 0, y: 0, z: 0}
      rightTangent: {x: 0, y: 0, z: 0}
      mode: 1
      height: 1
      bevelCutoff: 0
      bevelSize: 0
      spriteIndex: 0
      corner: 0
      m_CornerMode: 1
    - position: {x: 21640, y: 1080.7241, z: 0}
      leftTangent: {x: 0, y: 0, z: 0}
      rightTangent: {x: 0, y: 0, z: 0}
      mode: 1
      height: 1
      bevelCutoff: 0
      bevelSize: 0
      spriteIndex: 0
      corner: 0
      m_CornerMode: 1
    - position: {x: 21676, y: 1081.0804, z: 0}
      leftTangent: {x: 0, y: 0, z: 0}
      rightTangent: {x: 0, y: 0, z: 0}
      mode: 1
      height: 1
      bevelCutoff: 0
      bevelSize: 0
      spriteIndex: 0
      corner: 0
      m_CornerMode: 1
    - position: {x: 21712, y: 1081.4414, z: 0}
      leftTangent: {x: 0, y: 0, z: 0}
      rightTangent: {x: 0, y: 0, z: 0}
      mode: 1
      height: 1
      bevelCutoff: 0
      bevelSize: 0
      spriteIndex: 0
      corner: 0
      m_CornerMode: 1
    - position: {x: 21748, y: 1081.7949, z: 0}
      leftTangent: {x: 0, y: 0, z: 0}
      rightTangent: {x: 0, y: 0, z: 0}
      mode: 1
      height: 1
      bevelCutoff: 0
      bevelSize: 0
      spriteIndex: 0
      corner: 0
      m_CornerMode: 1
    - position: {x: 21784, y: 1082.1403, z: 0}
      leftTangent: {x: 0, y: 0, z: 0}
      rightTangent: {x: 0, y: 0, z: 0}
      mode: 1
      height: 1
      bevelCutoff: 0
      bevelSize: 0
      spriteIndex: 0
      corner: 0
      m_CornerMode: 1
    - position: {x: 21820, y: 1082.482, z: 0}
      leftTangent: {x: 0, y: 0, z: 0}
      rightTangent: {x: 0, y: 0, z: 0}
      mode: 1
      height: 1
      bevelCutoff: 0
      bevelSize: 0
      spriteIndex: 0
      corner: 0
      m_CornerMode: 1
    - position: {x: 21856, y: 1082.8228, z: 0}
      leftTangent: {x: 0, y: 0, z: 0}
      rightTangent: {x: 0, y: 0, z: 0}
      mode: 1
      height: 1
      bevelCutoff: 0
      bevelSize: 0
      spriteIndex: 0
      corner: 0
      m_CornerMode: 1
    - position: {x: 21892, y: 1083.1649, z: 0}
      leftTangent: {x: 0, y: 0, z: 0}
      rightTangent: {x: 0, y: 0, z: 0}
      mode: 1
      height: 1
      bevelCutoff: 0
      bevelSize: 0
      spriteIndex: 0
      corner: 0
      m_CornerMode: 1
    - position: {x: 21928, y: 1083.5128, z: 0}
      leftTangent: {x: 0, y: 0, z: 0}
      rightTangent: {x: 0, y: 0, z: 0}
      mode: 1
      height: 1
      bevelCutoff: 0
      bevelSize: 0
      spriteIndex: 0
      corner: 0
      m_CornerMode: 1
    - position: {x: 21964, y: 1083.8672, z: 0}
      leftTangent: {x: 0, y: 0, z: 0}
      rightTangent: {x: 0, y: 0, z: 0}
      mode: 1
      height: 1
      bevelCutoff: 0
      bevelSize: 0
      spriteIndex: 0
      corner: 0
      m_CornerMode: 1
    - position: {x: 22000, y: 1084.2211, z: 0}
      leftTangent: {x: 0, y: 0, z: 0}
      rightTangent: {x: 0, y: 0, z: 0}
      mode: 1
      height: 1
      bevelCutoff: 0
      bevelSize: 0
      spriteIndex: 0
      corner: 0
      m_CornerMode: 1
    - position: {x: 22036, y: 1084.5759, z: 0}
      leftTangent: {x: 0, y: 0, z: 0}
      rightTangent: {x: 0, y: 0, z: 0}
      mode: 1
      height: 1
      bevelCutoff: 0
      bevelSize: 0
      spriteIndex: 0
      corner: 0
      m_CornerMode: 1
    - position: {x: 22072, y: 1084.9377, z: 0}
      leftTangent: {x: 0, y: 0, z: 0}
      rightTangent: {x: 0, y: 0, z: 0}
      mode: 1
      height: 1
      bevelCutoff: 0
      bevelSize: 0
      spriteIndex: 0
      corner: 0
      m_CornerMode: 1
    - position: {x: 22108, y: 1085.2968, z: 0}
      leftTangent: {x: 0, y: 0, z: 0}
      rightTangent: {x: 0, y: 0, z: 0}
      mode: 1
      height: 1
      bevelCutoff: 0
      bevelSize: 0
      spriteIndex: 0
      corner: 0
      m_CornerMode: 1
    - position: {x: 22143, y: 1085.6501, z: 0}
      leftTangent: {x: 0, y: 0, z: 0}
      rightTangent: {x: 0, y: 0, z: 0}
      mode: 1
      height: 1
      bevelCutoff: 0
      bevelSize: 0
      spriteIndex: 0
      corner: 0
      m_CornerMode: 1
    - position: {x: 22179, y: 1086.0085, z: 0}
      leftTangent: {x: 0, y: 0, z: 0}
      rightTangent: {x: 0, y: 0, z: 0}
      mode: 1
      height: 1
      bevelCutoff: 0
      bevelSize: 0
      spriteIndex: 0
      corner: 0
      m_CornerMode: 1
    - position: {x: 22215, y: 1086.3676, z: 0}
      leftTangent: {x: 0, y: 0, z: 0}
      rightTangent: {x: 0, y: 0, z: 0}
      mode: 1
      height: 1
      bevelCutoff: 0
      bevelSize: 0
      spriteIndex: 0
      corner: 0
      m_CornerMode: 1
    - position: {x: 22251, y: 1086.7201, z: 0}
      leftTangent: {x: 0, y: 0, z: 0}
      rightTangent: {x: 0, y: 0, z: 0}
      mode: 1
      height: 1
      bevelCutoff: 0
      bevelSize: 0
      spriteIndex: 0
      corner: 0
      m_CornerMode: 1
    - position: {x: 22287, y: 1087.0673, z: 0}
      leftTangent: {x: 0, y: 0, z: 0}
      rightTangent: {x: 0, y: 0, z: 0}
      mode: 1
      height: 1
      bevelCutoff: 0
      bevelSize: 0
      spriteIndex: 0
      corner: 0
      m_CornerMode: 1
    - position: {x: 22323, y: 1087.417, z: 0}
      leftTangent: {x: 0, y: 0, z: 0}
      rightTangent: {x: 0, y: 0, z: 0}
      mode: 1
      height: 1
      bevelCutoff: 0
      bevelSize: 0
      spriteIndex: 0
      corner: 0
      m_CornerMode: 1
    - position: {x: 22359, y: 1087.7711, z: 0}
      leftTangent: {x: 0, y: 0, z: 0}
      rightTangent: {x: 0, y: 0, z: 0}
      mode: 1
      height: 1
      bevelCutoff: 0
      bevelSize: 0
      spriteIndex: 0
      corner: 0
      m_CornerMode: 1
    - position: {x: 22395, y: 1088.1237, z: 0}
      leftTangent: {x: 0, y: 0, z: 0}
      rightTangent: {x: 0, y: 0, z: 0}
      mode: 1
      height: 1
      bevelCutoff: 0
      bevelSize: 0
      spriteIndex: 0
      corner: 0
      m_CornerMode: 1
    - position: {x: 22431, y: 1088.4788, z: 0}
      leftTangent: {x: 0, y: 0, z: 0}
      rightTangent: {x: 0, y: 0, z: 0}
      mode: 1
      height: 1
      bevelCutoff: 0
      bevelSize: 0
      spriteIndex: 0
      corner: 0
      m_CornerMode: 1
    - position: {x: 22467, y: 1088.839, z: 0}
      leftTangent: {x: 0, y: 0, z: 0}
      rightTangent: {x: 0, y: 0, z: 0}
      mode: 1
      height: 1
      bevelCutoff: 0
      bevelSize: 0
      spriteIndex: 0
      corner: 0
      m_CornerMode: 1
    - position: {x: 22503, y: 1089.1997, z: 0}
      leftTangent: {x: 0, y: 0, z: 0}
      rightTangent: {x: 0, y: 0, z: 0}
      mode: 1
      height: 1
      bevelCutoff: 0
      bevelSize: 0
      spriteIndex: 0
      corner: 0
      m_CornerMode: 1
    - position: {x: 22539, y: 1089.559, z: 0}
      leftTangent: {x: 0, y: 0, z: 0}
      rightTangent: {x: 0, y: 0, z: 0}
      mode: 1
      height: 1
      bevelCutoff: 0
      bevelSize: 0
      spriteIndex: 0
      corner: 0
      m_CornerMode: 1
    - position: {x: 22539, y: -100, z: 0}
      leftTangent: {x: 0, y: 0, z: 0}
      rightTangent: {x: 0, y: 0, z: 0}
      mode: 0
      height: 1
      bevelCutoff: 0
      bevelSize: 0
      spriteIndex: 0
      corner: 0
      m_CornerMode: 1
    - position: {x: 19340, y: -100, z: 0}
      leftTangent: {x: 0, y: 0, z: 0}
      rightTangent: {x: 0, y: 0, z: 0}
      mode: 0
      height: 1
      bevelCutoff: 0
      bevelSize: 0
      spriteIndex: 0
      corner: 0
      m_CornerMode: 1
  m_SpriteShape: {fileID: 11400000, guid: 28ff5e6186e87f9468f08a1d1962277a, type: 2}
  m_FillPixelPerUnit: 256
  m_StretchTiling: 1
  m_SplineDetail: 16
  m_AdaptiveUV: 1
  m_StretchUV: 0
  m_WorldSpaceUV: 0
  m_CornerAngleThreshold: 30
  m_ColliderDetail: 16
  m_ColliderOffset: 0.5
  m_UpdateCollider: 1
  m_OptimizeCollider: 1
  m_OptimizeGeometry: 1
  m_EnableTangents: 0
  m_GeometryCached: 0
  m_UTess2D: 0
--- !u!60 &2096439905403756214
PolygonCollider2D:
  m_ObjectHideFlags: 0
  m_CorrespondingSourceObject: {fileID: 0}
  m_PrefabInstance: {fileID: 0}
  m_PrefabAsset: {fileID: 0}
  m_GameObject: {fileID: 6712919234043081754}
  m_Enabled: 1
  m_Density: 1
  m_Material: {fileID: 0}
  m_IsTrigger: 0
  m_UsedByEffector: 0
  m_UsedByComposite: 0
  m_Offset: {x: 0, y: 0}
  m_SpriteTilingProperty:
    border: {x: 0, y: 0, z: 0, w: 0}
    pivot: {x: 0, y: 0}
    oldSize: {x: 0, y: 0}
    newSize: {x: 0, y: 0}
    adaptiveTilingThreshold: 0
    drawMode: 0
    adaptiveTiling: 0
  m_AutoTiling: 0
  m_Points:
    m_Paths:
    - - {x: -30.351807, y: -1.2972721}
      - {x: -27.96381, y: -1.2181277}
      - {x: -26.263767, y: -1.1558754}
      - {x: -24.219141, y: -1.0750976}
      - {x: -22.175507, y: -0.9880003}
      - {x: -19.92722, y: -0.8833531}
      - {x: -17.579796, y: -0.7622962}
      - {x: -15.256119, y: -0.6274217}
      - {x: -13.036289, y: -0.47936636}
      - {x: -11.00135, y: -0.3189113}
      - {x: -9.234719, y: -0.14727616}
      - {x: -7.8275137, y: 0.03250271}
      - {x: -6.910173, y: 0.20367193}
      - {x: -6.6131573, y: 0.3065827}
      - {x: -6.3055444, y: 0.64725965}
      - {x: -5.677375, y: 1.5152311}
      - {x: -5.31933, y: 1.9304328}
      - {x: -5.093782, y: 2.1362157}
      - {x: -4.8333693, y: 2.329368}
      - {x: -4.5388417, y: 2.5016222}
      - {x: -4.212626, y: 2.647325}
      - {x: -3.8545246, y: 2.764716}
      - {x: -3.4698186, y: 2.850055}
      - {x: -3.0997686, y: 2.8898754}
      - {x: -2.7468643, y: 2.8849392}
      - {x: -2.418061, y: 2.8395908}
      - {x: -2.1209059, y: 2.7633119}
      - {x: -1.8595691, y: 2.6690428}
      - {x: -1.1171618, y: 2.3220763}
      - {x: -0.84123427, y: 2.2240095}
      - {x: -0.5326506, y: 2.1749496}
      - {x: 0.69553494, y: 1.2697637}
      - {x: -0.31327876, y: 0.15067482}
      - {x: -1.694998, y: -0.023950458}
      - {x: -3.7328863, y: -0.2670226}
      - {x: -7.80674, y: -0.7415979}
      - {x: -13.916201, y: -1.442714}
      - {x: -20.025822, y: -2.1383286}
      - {x: -29.811916, y: -3.2457433}
      - {x: -30.209068, y: -3.2905073}
      - {x: -30.351807, y: -1.2972721}
--- !u!1 &7050213047614450668
GameObject:
  m_ObjectHideFlags: 0
  m_CorrespondingSourceObject: {fileID: 0}
  m_PrefabInstance: {fileID: 0}
  m_PrefabAsset: {fileID: 0}
  serializedVersion: 6
  m_Component:
  - component: {fileID: 6357484526033567672}
  - component: {fileID: 7877673236819539231}
  - component: {fileID: 3718277725744101392}
  m_Layer: 5
  m_Name: Text (TMP)
  m_TagString: Untagged
  m_Icon: {fileID: 0}
  m_NavMeshLayer: 0
  m_StaticEditorFlags: 0
  m_IsActive: 1
--- !u!224 &6357484526033567672
RectTransform:
  m_ObjectHideFlags: 0
  m_CorrespondingSourceObject: {fileID: 0}
  m_PrefabInstance: {fileID: 0}
  m_PrefabAsset: {fileID: 0}
  m_GameObject: {fileID: 7050213047614450668}
  m_LocalRotation: {x: 0, y: 0, z: 0, w: 1}
  m_LocalPosition: {x: 0, y: 0, z: 0}
  m_LocalScale: {x: 1, y: 1, z: 1}
  m_Children: []
  m_Father: {fileID: 6498737992607108597}
  m_RootOrder: 0
  m_LocalEulerAnglesHint: {x: 0, y: 0, z: 0}
  m_AnchorMin: {x: 0, y: 0}
  m_AnchorMax: {x: 1, y: 1}
  m_AnchoredPosition: {x: 0, y: 0}
  m_SizeDelta: {x: 0, y: 0}
  m_Pivot: {x: 0.5, y: 0.5}
--- !u!222 &7877673236819539231
CanvasRenderer:
  m_ObjectHideFlags: 0
  m_CorrespondingSourceObject: {fileID: 0}
  m_PrefabInstance: {fileID: 0}
  m_PrefabAsset: {fileID: 0}
  m_GameObject: {fileID: 7050213047614450668}
  m_CullTransparentMesh: 1
--- !u!114 &3718277725744101392
MonoBehaviour:
  m_ObjectHideFlags: 0
  m_CorrespondingSourceObject: {fileID: 0}
  m_PrefabInstance: {fileID: 0}
  m_PrefabAsset: {fileID: 0}
  m_GameObject: {fileID: 7050213047614450668}
  m_Enabled: 1
  m_EditorHideFlags: 0
  m_Script: {fileID: 11500000, guid: f4688fdb7df04437aeb418b961361dc5, type: 3}
  m_Name: 
  m_EditorClassIdentifier: 
  m_Material: {fileID: 0}
  m_Color: {r: 1, g: 1, b: 1, a: 1}
  m_RaycastTarget: 1
  m_RaycastPadding: {x: 0, y: 0, z: 0, w: 0}
  m_Maskable: 1
  m_OnCullStateChanged:
    m_PersistentCalls:
      m_Calls: []
  m_text: 13
  m_isRightToLeft: 0
  m_fontAsset: {fileID: 11400000, guid: 8f586378b4e144a9851e7b34d9b748ee, type: 2}
  m_sharedMaterial: {fileID: 2180264, guid: 8f586378b4e144a9851e7b34d9b748ee, type: 2}
  m_fontSharedMaterials: []
  m_fontMaterial: {fileID: 0}
  m_fontMaterials: []
  m_fontColor32:
    serializedVersion: 2
    rgba: 4278190080
  m_fontColor: {r: 0, g: 0, b: 0, a: 1}
  m_enableVertexGradient: 0
  m_colorMode: 3
  m_fontColorGradient:
    topLeft: {r: 1, g: 1, b: 1, a: 1}
    topRight: {r: 1, g: 1, b: 1, a: 1}
    bottomLeft: {r: 1, g: 1, b: 1, a: 1}
    bottomRight: {r: 1, g: 1, b: 1, a: 1}
  m_fontColorGradientPreset: {fileID: 0}
  m_spriteAsset: {fileID: 0}
  m_tintAllSprites: 0
  m_StyleSheet: {fileID: 0}
  m_TextStyleHashCode: -1183493901
  m_overrideHtmlColors: 0
  m_faceColor:
    serializedVersion: 2
    rgba: 4294967295
  m_fontSize: 0.5
  m_fontSizeBase: 0.5
  m_fontWeight: 400
  m_enableAutoSizing: 0
  m_fontSizeMin: 18
  m_fontSizeMax: 72
  m_fontStyle: 0
  m_HorizontalAlignment: 2
  m_VerticalAlignment: 512
  m_textAlignment: 65535
  m_characterSpacing: 0
  m_wordSpacing: 0
  m_lineSpacing: 0
  m_lineSpacingMax: 0
  m_paragraphSpacing: 0
  m_charWidthMaxAdj: 0
  m_enableWordWrapping: 1
  m_wordWrappingRatios: 0.4
  m_overflowMode: 0
  m_linkedTextComponent: {fileID: 0}
  parentLinkedComponent: {fileID: 0}
  m_enableKerning: 1
  m_enableExtraPadding: 0
  checkPaddingRequired: 0
  m_isRichText: 1
  m_parseCtrlCharacters: 1
  m_isOrthographic: 1
  m_isCullingEnabled: 0
  m_horizontalMapping: 0
  m_verticalMapping: 0
  m_uvLineOffset: 0
  m_geometrySortingOrder: 0
  m_IsTextObjectScaleStatic: 0
  m_VertexBufferAutoSizeReduction: 0
  m_useMaxVisibleDescender: 1
  m_pageToDisplay: 1
  m_margin: {x: 0, y: 0, z: 0, w: 0}
  m_isUsingLegacyAnimationComponent: 0
  m_isVolumetricText: 0
  m_hasFontAssetChanged: 0
  m_baseMaterial: {fileID: 0}
  m_maskOffset: {x: 0, y: 0, z: 0, w: 0}
--- !u!1 &8080078600961404158
GameObject:
  m_ObjectHideFlags: 0
  m_CorrespondingSourceObject: {fileID: 0}
  m_PrefabInstance: {fileID: 0}
  m_PrefabAsset: {fileID: 0}
  serializedVersion: 6
  m_Component:
  - component: {fileID: 6498737992607108597}
  - component: {fileID: 2362223977421306634}
  - component: {fileID: 5030090889502557546}
  - component: {fileID: 1324608642580160231}
  m_Layer: 5
  m_Name: Canvas
  m_TagString: Untagged
  m_Icon: {fileID: 0}
  m_NavMeshLayer: 0
  m_StaticEditorFlags: 0
  m_IsActive: 1
--- !u!224 &6498737992607108597
RectTransform:
  m_ObjectHideFlags: 0
  m_CorrespondingSourceObject: {fileID: 0}
  m_PrefabInstance: {fileID: 0}
  m_PrefabAsset: {fileID: 0}
  m_GameObject: {fileID: 8080078600961404158}
  m_LocalRotation: {x: -0, y: -0, z: -0, w: 1}
  m_LocalPosition: {x: 0, y: 0, z: -1}
  m_LocalScale: {x: 1, y: 0.1, z: 1}
  m_Children:
  - {fileID: 6357484526033567672}
  m_Father: {fileID: 2300675066179617126}
  m_RootOrder: 0
  m_LocalEulerAnglesHint: {x: 0, y: 0, z: 0}
  m_AnchorMin: {x: 0, y: 0}
  m_AnchorMax: {x: 0, y: 0}
  m_AnchoredPosition: {x: 0.02, y: 0.451}
  m_SizeDelta: {x: 1, y: 1}
  m_Pivot: {x: 0.5, y: 0.5}
--- !u!223 &2362223977421306634
Canvas:
  m_ObjectHideFlags: 0
  m_CorrespondingSourceObject: {fileID: 0}
  m_PrefabInstance: {fileID: 0}
  m_PrefabAsset: {fileID: 0}
  m_GameObject: {fileID: 8080078600961404158}
  m_Enabled: 1
  serializedVersion: 3
  m_RenderMode: 2
  m_Camera: {fileID: 0}
  m_PlaneDistance: 100
  m_PixelPerfect: 0
  m_ReceivesEvents: 1
  m_OverrideSorting: 0
  m_OverridePixelPerfect: 0
  m_SortingBucketNormalizedSize: 0
  m_AdditionalShaderChannelsFlag: 25
  m_SortingLayerID: 0
  m_SortingOrder: 0
  m_TargetDisplay: 0
--- !u!114 &5030090889502557546
MonoBehaviour:
  m_ObjectHideFlags: 0
  m_CorrespondingSourceObject: {fileID: 0}
  m_PrefabInstance: {fileID: 0}
  m_PrefabAsset: {fileID: 0}
  m_GameObject: {fileID: 8080078600961404158}
  m_Enabled: 1
  m_EditorHideFlags: 0
  m_Script: {fileID: 11500000, guid: 0cd44c1031e13a943bb63640046fad76, type: 3}
  m_Name: 
  m_EditorClassIdentifier: 
  m_UiScaleMode: 0
  m_ReferencePixelsPerUnit: 100
  m_ScaleFactor: 1
  m_ReferenceResolution: {x: 800, y: 600}
  m_ScreenMatchMode: 0
  m_MatchWidthOrHeight: 0
  m_PhysicalUnit: 3
  m_FallbackScreenDPI: 96
  m_DefaultSpriteDPI: 96
  m_DynamicPixelsPerUnit: 1
  m_PresetInfoIsWorld: 1
--- !u!114 &1324608642580160231
MonoBehaviour:
  m_ObjectHideFlags: 0
  m_CorrespondingSourceObject: {fileID: 0}
  m_PrefabInstance: {fileID: 0}
  m_PrefabAsset: {fileID: 0}
  m_GameObject: {fileID: 8080078600961404158}
  m_Enabled: 1
  m_EditorHideFlags: 0
  m_Script: {fileID: 11500000, guid: dc42784cf147c0c48a680349fa168899, type: 3}
  m_Name: 
  m_EditorClassIdentifier: 
  m_IgnoreReversedGraphics: 1
  m_BlockingObjects: 0
  m_BlockingMask:
    serializedVersion: 2
    m_Bits: 4294967295
